%% This BibTeX bibliography file was created using BibDesk.
%% http://bibdesk.sourceforge.net/


@article{scikit-learn,
 title={Scikit-learn: Machine Learning in {P}ython},
 author={Pedregosa, F. and Varoquaux, G. and Gramfort, A. and Michel, V.
         and Thirion, B. and Grisel, O. and Blondel, M. and Prettenhofer, P.
         and Weiss, R. and Dubourg, V. and Vanderplas, J. and Passos, A. and
         Cournapeau, D. and Brucher, M. and Perrot, M. and Duchesnay, E.},
 journal={Journal of Machine Learning Research},
 volume={12},
 pages={2825--2830},
 year={2011}
}

@inproceedings{meftouh2019smart,
  TITLE = {{The SMarT Classifier for Arabic Fine-Grained Dialect Identification}},
  AUTHOR = {Meftouh, Karima and Abidi, Karima and Harrat, Salima and Sma{\"i}li, Kamel},
  URL = {https://hal.archives-ouvertes.fr/hal-02166384},
  BOOKTITLE = {{The Fourth Arabic Natural Language Processing Workshop  co-located with ACL}},
  ADDRESS = {Florence, Italy},
  YEAR = {2019},
  MONTH = Aug,
  KEYWORDS = {Arabic dialects ; Algerian dialect ; Multinomial Na{\"i}ve Bayes ; Dialect identification},
  PDF = {https://hal.archives-ouvertes.fr/hal-02166384/file/SmartSubmissionMADAR.pdf},
  HAL_ID = {hal-02166384},
  HAL_VERSION = {v1},
}


@article{reddy2018predicting,
  title={Predicting hospital readmission for lupus patients: An RNN-LSTM-based deep-learning methodology},
  author={Reddy, Bhargava K and Delen, Dursun},
  journal={Computers in biology and medicine},
  volume={101},
  pages={199--209},
  year={2018},
  publisher={Elsevier}
}

@article{rehman2019hybrid,
  title={A hybrid CNN-LSTM model for improving accuracy of movie reviews sentiment analysis},
  author={Rehman, Anwar Ur and Malik, Ahmad Kamran and Raza, Basit and Ali, Waqar},
  journal={Multimedia Tools and Applications},
  volume={78},
  number={18},
  pages={26597--26613},
  year={2019},
  publisher={Springer}
}

@article{deepak2020deep,
  title={Deep neural approach to Fake-News identification},
  author={Deepak, S and Chitturi, Bhadrachalam},
  journal={Procedia Computer Science},
  volume={167},
  pages={2236--2243},
  year={2020},
  publisher={Elsevier}
}

@article{ma2018sentic,
  title={Sentic LSTM: a hybrid network for targeted aspect-based sentiment analysis},
  author={Ma, Yukun and Peng, Haiyun and Khan, Tahir and Cambria, Erik and Hussain, Amir},
  journal={Cognitive Computation},
  volume={10},
  number={4},
  pages={639--650},
  year={2018},
  publisher={Springer}
}

@article{li2020hybrid,
  title={A hybrid CNN-LSTM model for forecasting particulate matter (PM2. 5)},
  author={Li, Taoying and Hua, Miao and Wu, Xu},
  journal={IEEE Access},
  volume={8},
  pages={26933--26940},
  year={2020},
  publisher={IEEE}
}

@inproceedings{shahzadi2018cnn,
  title={CNN-LSTM: Cascaded framework for brain Tumour classification},
  author={Shahzadi, Iram and Tang, Tong Boon and Meriadeau, Fabrice and Quyyum, Abdul},
  booktitle={2018 IEEE-EMBS Conference on Biomedical Engineering and Sciences (IECBES)},
  pages={633--637},
  year={2018},
  organization={IEEE}
}

@article{swapna2018automated,
  title={Automated detection of diabetes using CNN and CNN-LSTM network and heart rate signals},
  author={Swapna, G and Kp, Soman and Vinayakumar, R},
  journal={Procedia computer science},
  volume={132},
  pages={1253--1262},
  year={2018},
  publisher={Elsevier}
}

@inproceedings{snoek2012practical,
  title={Practical bayesian optimization of machine learning algorithms},
  author={Snoek, Jasper and Larochelle, Hugo and Adams, Ryan P},
  booktitle={Advances in neural information processing systems},
  pages={2951--2959},
  year={2012}
}

@article{nakagawa2003automatic,
  title={Automatic term recognition based on statistics of compound nouns and their components},
  author={Nakagawa, Hirosi and Mori, Tatsunori},
  journal={Terminology. International Journal of Theoretical and Applied Issues in Specialized Communication},
  volume={9},
  number={2},
  pages={201--219},
  year={2003},
  publisher={John Benjamins}
}

@article{agarwal2019social,
  title={Social factors in frequent callers: a description of isolation, poverty and quality of life in those calling emergency medical services frequently},
  author={Agarwal, Gina and Lee, Janice and McLeod, Brent and Mahmuda, Sabnam and Howard, Michelle and Cockrell, Krista and Angeles, Ricardo},
  journal={BMC public health},
  volume={19},
  number={1},
  pages={684},
  year={2019},
  publisher={BioMed Central}
}

@book{creed2011medically,
  title={Medically unexplained symptoms, somatisation and bodily distress: developing better clinical services},
  author={Creed, Francis and Henningsen, Peter and Fink, Per},
  year={2011},
  publisher={Cambridge University Press}
}

@article{baker2013pilot,
  title={A pilot project targeting frequent attenders at the emergency department with medically unexplained symptoms},
  author={Baker, M and Stallard, J and Gibson, S},
  journal={Emerg Med J},
  volume={30},
  number={10},
  pages={866--866},
  year={2013},
  publisher={BMJ Publishing Group Ltd and the British Association for Accident~…}
}

@article{krieg2016individual,
  title={Individual predictors of frequent emergency department use: a scoping review},
  author={Krieg, Cynthia and Hudon, Catherine and Chouinard, Maud-Christine and Dufour, Isabelle},
  journal={BMC health services research},
  volume={16},
  number={1},
  pages={594},
  year={2016},
  publisher={BioMed Central}
}

@article{byrne2003frequent,
  title={Frequent attenders to an emergency department: a study of primary health care use, medical profile, and psychosocial characteristics},
  author={Byrne, Molly and Murphy, Andrew William and Plunkett, Patrick K and McGee, Hannah M and Murray, Alistair and Bury, Gerard},
  journal={Annals of emergency medicine},
  volume={41},
  number={3},
  pages={309--318},
  year={2003},
  publisher={Elsevier}
}

@article{spence2014frequent,
  title={Frequent attenders are getting poor care},
  author={Spence, Des},
  journal={Bmj},
  volume={348},
  pages={g208},
  year={2014},
  publisher={British Medical Journal Publishing Group}
}

@article{malins2016cognitive,
  title={Cognitive behaviour therapy for long-term frequent attenders in primary care: a feasibility case series and treatment development study},
  author={Malins, Samuel and Kai, Joe and Atha, Christopher and Avery, Anthony and Guo, Boliang and James, Marilyn and Patel, Shireen and Sampson, Christopher and Stubley, Michelle and Morriss, Richard},
  journal={Br J Gen Pract},
  volume={66},
  number={651},
  pages={e729--e736},
  year={2016},
  publisher={British Journal of General Practice}
}

@article{hayes2015using,
  title={Using Classification and Regression Trees (CART) and random forests to analyze attrition: Results from two simulations.},
  author={Hayes, Timothy and Usami, Satoshi and Jacobucci, Ross and McArdle, John J},
  journal={Psychology and aging},
  volume={30},
  number={4},
  pages={911},
  year={2015},
  publisher={American Psychological Association}
}

@article{rumelhart1988learning,
  title={Learning representations by back-propagating errors},
  author={Rumelhart, David E and Hinton, Geoffrey E and Williams, Ronald J and others},
  journal={Cognitive modeling},
  volume={5},
  number={3},
  pages={1},
  year={1988}
}

@article{clauset2009power,
  title={Power-law distributions in empirical data},
  author={Clauset, Aaron and Shalizi, Cosma Rohilla and Newman, Mark EJ},
  journal={SIAM review},
  volume={51},
  number={4},
  pages={661--703},
  year={2009},
  publisher={SIAM}
}

@article{friedman2002two,
  title={Two biomedical sublanguages: a description based on the theories of Zellig Harris},
  author={Friedman, Carol and Kra, Pauline and Rzhetsky, Andrey},
  journal={Journal of biomedical informatics},
  volume={35},
  number={4},
  pages={222--235},
  year={2002},
  publisher={Elsevier}
}

@article{bunkenborg2019implementing,
  title={Implementing mandatory early warning scoring impacts nurses’ practice of documenting free text notes},
  author={Bunkenborg, Gitte and Smith-Hansen, Lars and Poulsen, Ingrid},
  journal={Journal of clinical nursing},
  year={2019},
  publisher={Wiley Online Library}
}

@article{leiner2018functional,
  title={Functional domains of social media platforms: Structuring the uses of Facebook to better understand its gratifications},
  author={Leiner, Dominik J and Kobilke, Lara and Rue{\ss}, Christina and Brosius, Hans-Bernd},
  journal={Computers in Human Behavior},
  volume={83},
  pages={194--203},
  year={2018},
  publisher={Elsevier}
}

@article{deng2017adapting,
  title={Adapting sentiment lexicons to domain-specific social media texts},
  author={Deng, Shuyuan and Sinha, Atish P and Zhao, Huimin},
  journal={Decision Support Systems},
  volume={94},
  pages={65--76},
  year={2017},
  publisher={Elsevier}
}

@article{steinwart2019sober,
  title={A Sober Look at Neural Network Initializations},
  author={Steinwart, Ingo},
  journal={arXiv preprint arXiv:1903.11482},
  year={2019}
}

@article{vos2016global,
  title={Global, regional, and national incidence, prevalence, and years lived with disability for 310 diseases and injuries, 1990--2015: a systematic analysis for the Global Burden of Disease Study 2015},
  author={Vos, Theo and Allen, Christine and Arora, Megha and Barber, Ryan M and Bhutta, Zulfiqar A and Brown, Alexandria and Carter, Austin and Casey, Daniel C and Charlson, Fiona J and Chen, Alan Z and others},
  journal={The Lancet},
  volume={388},
  number={10053},
  pages={1545--1602},
  year={2016},
  publisher={Elsevier}
}

@inproceedings{kawamae2016n,
  title={N-gram over Context},
  author={Kawamae, Noriaki},
  booktitle={Proceedings of the 25th International Conference on World Wide Web},
  pages={1045--1055},
  year={2016},
  organization={International World Wide Web Conferences Steering Committee}
}

@inproceedings{okanohara2006improving,
  title={Improving the scalability of semi-markov conditional random fields for named entity recognition},
  author={Okanohara, Daisuke and Miyao, Yusuke and Tsuruoka, Yoshimasa and Tsujii, Jun'ichi},
  booktitle={Proceedings of the 21st International Conference on Computational Linguistics and the 44th annual meeting of the Association for Computational Linguistics},
  pages={465--472},
  year={2006},
  organization={Association for Computational Linguistics}
}

@article{boring1997development,
  title={The development and adoption of nonproprietary, established, and proprietary names for pharmaceuticals},
  author={Boring, Dan},
  journal={Drug information journal},
  volume={31},
  number={3},
  pages={621--634},
  year={1997},
  publisher={SAGE Publications Sage CA: Los Angeles, CA}
}

@book{british2002british,
  title={British Approved Names 2002},
  author={British Pharmacopoeia Commission},
  year={2002},
  publisher={The Stationery Office}
}

@article{kopp1995international,
  title={International Nonproprietary Names (INN) for pharmaceutical substances.},
  author={Kopp-Kubel, S},
  journal={Bulletin of the World Health Organization},
  volume={73},
  number={3},
  pages={275},
  year={1995},
  publisher={World Health Organization}
}

@article{lehmann2015dbpedia,
  title={DBpedia--a large-scale, multilingual knowledge base extracted from Wikipedia},
  author={Lehmann, Jens and Isele, Robert and Jakob, Max and Jentzsch, Anja and Kontokostas, Dimitris and Mendes, Pablo N and Hellmann, Sebastian and Morsey, Mohamed and Van Kleef, Patrick and Auer, S{\"o}ren and others},
  journal={Semantic Web},
  volume={6},
  number={2},
  pages={167--195},
  year={2015},
  publisher={IOS Press}
}

@incollection{bizer2011linked,
  title={Linked data: The story so far},
  author={Bizer, Christian and Heath, Tom and Berners-Lee, Tim},
  booktitle={Semantic services, interoperability and web applications: emerging concepts},
  pages={205--227},
  year={2011},
  publisher={IGI Global}
}

@article{daniels2018better,
  title={Better safe than sorry? Frequent attendance in a hospital emergency department: an exploratory study},
  author={Daniels, Jo and Osborn, Mike and Davis, Cara},
  journal={British journal of pain},
  volume={12},
  number={1},
  pages={10--19},
  year={2018},
  publisher={Sage Publications Sage UK: London, England}
}

@article{atkinson2016scowl,
  title={SCOWL (And Friends)},
  author={Atkinson, Kevin},
  journal={SCOWL (And Friends). SCOWL (And Friends), nd Web},
  volume={16},
  year={2016}
}

@article{wang2018trusting,
  title={Trusting Artificial Intelligence in Healthcare},
  author={Wang, Weiyu and Siau, Keng},
  year={2018}
}

@article{loshchilov2017fixing,
  title={Fixing weight decay regularization in adam},
  author={Loshchilov, Ilya and Hutter, Frank},
  journal={arXiv preprint arXiv:1711.05101},
  year={2017}
}

@article{arlot2010survey,
  title={A survey of cross-validation procedures for model selection},
  author={Arlot, Sylvain and Celisse, Alain and others},
  journal={Statistics surveys},
  volume={4},
  pages={40--79},
  year={2010},
  publisher={The author, under a Creative Commons Attribution License}
}

@article{singh2018effective,
  title={Effective heart disease prediction system using data mining techniques},
  author={Singh, Poornima and Singh, Sanjay and Pandi-Jain, Gayatri S},
  journal={International journal of nanomedicine},
  volume={13},
  number={T-NANO 2014 Abstracts},
  pages={121},
  year={2018},
  publisher={Dove Press}
}

@article{long2015highly,
  title={A highly accurate firefly based algorithm for heart disease prediction},
  author={Long, Nguyen Cong and Meesad, Phayung and Unger, Herwig},
  journal={Expert Systems with Applications},
  volume={42},
  number={21},
  pages={8221--8231},
  year={2015},
  publisher={Elsevier}
}

@article{welsh2012seeing,
  title={Seeing is believing: Priors, trust, and base rate neglect},
  author={Welsh, Matthew B and Navarro, Daniel J},
  journal={Organizational Behavior and Human Decision Processes},
  volume={119},
  number={1},
  pages={1--14},
  year={2012},
  publisher={Elsevier}
}


@book{alpaydin2014introduction,
  title={Introduction to machine learning},
  author={Alpaydin, Ethem},
  year={2014},
  publisher={MIT press}
}

@article{cho2014learning,
  title={Learning phrase representations using RNN encoder-decoder for statistical machine translation},
  author={Cho, Kyunghyun and Van Merri{\"e}nboer, Bart and Gulcehre, Caglar and Bahdanau, Dzmitry and Bougares, Fethi and Schwenk, Holger and Bengio, Yoshua},
  journal={arXiv preprint arXiv:1406.1078},
  year={2014}
}

@article{atkinson2004spell,
  title={Spell checking oriented word lists (SCOWL)},
  author={Atkinson, Kevin},
  journal={URL http://wordlist. sourceforge. net},
  year={2004}
}
@inproceedings{wallace2019outlier,
  title={Outlier Detection in Health Record Free-Text using Deep Learning},
  author={Wallace, Duncan and Kecahdi, Tahar},
  booktitle={2019 41st Annual International Conference of the IEEE Engineering in Medicine and Biology Society (EMBC)},
  pages={550--555},
  year={2019},
  organization={IEEE}
}

@inproceedings{wallace2018analysis,
  title={Analysis of EHR Free-text Data with Supervised Deep Neural Networks},
  author={Wallace, Duncan and Kechadi, Tahar},
  booktitle={CSCE'18: The 2018 World Congress in Computer Science, Computer Engineering \& Applied Computing, Las Vegas, Nevada, USA, 30 July-02 August 2018},
  pages={245--251},
  year={2018}
}

@inproceedings{wallace2017abbreviation,
  title={Abbreviation and Acronym Identification and Expansion Within Medical Health Records},
  author={Wallace, Duncan and Kechadi, Tahar},
  booktitle={The 9th International Conference on e-Health, Lisbon, Portugal, 20-22 July 2017},
  pages={102--108},
  year={2017},
  organization={IADIS}
}

@article{buja2015determines,
  title={What determines frequent attendance at out-of-hours primary care services?},
  author={Buja, Alessandra and Toffanin, Roberto and Rigon, Stefano and Lion, Camilla and Sandon{\`a}, Paolo and Carraro, Daniela and Damiani, Gianfranco and Baldo, Vincenzo},
  journal={The European Journal of Public Health},
  volume={25},
  number={4},
  pages={563--568},
  year={2015},
  publisher={Oxford University Press}
}

@article{petersen2019health,
  title={health indicator recording in UK primary care electronic health records: key implications for handling missing data},
  author={Petersen, Irene and Welch, Catherine A and Nazareth, Irwin and Walters, Kate and Marston, Louise and Morris, Richard W and Carpenter, James R and Morris, Tim P and Pham, Tra My},
  journal={Clinical epidemiology},
  volume={11},
  pages={157},
  year={2019},
  publisher={Dove Press}
}

@article{moskow2015identifying,
  title={Identifying opportunities in EHR to improve the quality of antibiotic allergy data},
  author={Moskow, Jaclynn M and Cook, Nicole and Champion-Lippmann, Carisa and Amofah, Saint Anthony and Garcia, Angela S},
  journal={Journal of the American Medical Informatics Association},
  volume={23},
  number={e1},
  pages={e108--e112},
  year={2015},
  publisher={Oxford University Press}
}

@article{yadav2018mining,
  title={Mining electronic health records (EHRs): a survey},
  author={Yadav, Pranjul and Steinbach, Michael and Kumar, Vipin and Simon, Gyorgy},
  journal={ACM Computing Surveys (CSUR)},
  volume={50},
  number={6},
  pages={85},
  year={2018},
  publisher={ACM}
}

@article{rehman2019hybrid,
  title={A Hybrid CNN-LSTM Model for Improving Accuracy of Movie Reviews Sentiment Analysis},
  author={Rehman, Anwar Ur and Malik, Ahmad Kamran and Raza, Basit and Ali, Waqar},
  journal={Multimedia Tools and Applications},
  pages={1--17},
  year={2019},
  publisher={Springer}
}

@article{coleman1988social,
  title={Social capital in the creation of human capital},
  author={Coleman, James S},
  journal={American journal of sociology},
  volume={94},
  pages={S95--S120},
  year={1988},
  publisher={University of Chicago Press}
}

@article{wolpert1997no,
  title={No free lunch theorems for optimization},
  author={Wolpert, David H and Macready, William G and others},
  journal={IEEE transactions on evolutionary computation},
  volume={1},
  number={1},
  pages={67--82},
  year={1997}
}

@book{rosenblatt1957perceptron,
  title={The perceptron, a perceiving and recognizing automaton Project Para},
  author={Rosenblatt, Frank},
  year={1957},
  publisher={Cornell Aeronautical Laboratory}
}

@book{han2011data,
  title={Data mining: concepts and techniques},
  author={Han, Jiawei and Pei, Jian and Kamber, Micheline},
  year={2011},
  publisher={Elsevier}
}

@article{morriss2007cluster,
  title={Cluster randomised controlled trial of training practices in reattribution for medically unexplained symptoms},
  author={Morriss, Richard and Dowrick, Christopher and Salmon, Peter and Peters, Sarah and Dunn, Graham and Rogers, Anne and Lewis, Barry and Charles-Jones, Huw and Hogg, Judith and Clifford, Rebecca and others},
  journal={The British Journal of Psychiatry},
  volume={191},
  number={6},
  pages={536--542},
  year={2007},
  publisher={Cambridge University Press}
}

@article{jelinek2008frequent,
  title={Frequent attenders at emergency departments: a linked-data population study of adult patients},
  author={Jelinek, George A and Jiwa, Moyez and Gibson, Nicholas P and Lynch, Ann-Maree},
  journal={Medical Journal of Australia},
  volume={189},
  number={10},
  pages={552--556},
  year={2008},
  publisher={Wiley Online Library}
}

@article{hockey2014understanding,
  title={Understanding the service use patterns of emergency department frequent attenders: could paediatric outreach be a solution?},
  author={Hockey, Duncan James and Fluxman, Jonathan and Watson, Mando and Klaber, Robert},
  journal={Archives of disease in childhood},
  volume={99},
  number={1},
  pages={90--91},
  year={2014},
  publisher={BMJ Publishing Group Ltd}
}

@article{khatua2019tale,
  title={A tale of two epidemics: Contextual Word2Vec for classifying twitter streams during outbreaks},
  author={Khatua, Aparup and Khatua, Apalak and Cambria, Erik},
  journal={Information Processing \& Management},
  volume={56},
  number={1},
  pages={247--257},
  year={2019},
  publisher={Elsevier}
}

@article{orkphol2019word,
  title={Word Sense Disambiguation Using Cosine Similarity Collaborates with Word2vec and WordNet},
  author={Orkphol, Korawit and Yang, Wu},
  journal={Future Internet},
  volume={11},
  number={5},
  pages={114},
  year={2019},
  publisher={Multidisciplinary Digital Publishing Institute}
}

@article{feng2019deep,
  title={The Deep Learning--Based Recommender System “Pubmender” for Choosing a Biomedical Publication Venue: Development and Validation Study},
  author={Feng, Xiaoyue and Zhang, Hao and Ren, Yijie and Shang, Penghui and Zhu, Yi and Liang, Yanchun and Guan, Renchu and Xu, Dong},
  journal={Journal of medical Internet research},
  volume={21},
  number={5},
  pages={e12957},
  year={2019},
  publisher={JMIR Publications Inc., Toronto, Canada}
}

@article{duchi2011adaptive,
  title={Adaptive subgradient methods for online learning and stochastic optimization},
  author={Duchi, John and Hazan, Elad and Singer, Yoram},
  journal={Journal of Machine Learning Research},
  volume={12},
  number={Jul},
  pages={2121--2159},
  year={2011}
}

@misc{adastra2019,
  title = {Patient Management Software | Advanced},
  howpublished = {\url{https://www.oneadvanced.com/solutions/adastra/}},
  publisher = {Advanced},
  note = {Accessed: 2019-08-20}
}

@article{kingma2014adam,
  title={Adam: A method for stochastic optimization},
  author={Kingma, Diederik P and Ba, Jimmy},
  journal={arXiv preprint arXiv:1412.6980},
  year={2014}
}

@inproceedings{he2004initialization,
  title={Initialization of cluster refinement algorithms: A review and comparative study},
  author={He, Ji and Lan, Man and Tan, Chew-Lim and Sung, Sam-Yuan and Low, Hwee-Boon},
  booktitle={2004 IEEE International Joint Conference on Neural Networks (IEEE Cat. No. 04CH37541)},
  volume={1},
  pages={297--302},
  year={2004},
  organization={IEEE}
}

@book{mysql2019mysql,
  title={MySQL 8.0 Reference Manual: Including MySQL NDB Cluster 8.0},
  author={MySQL},
  year={2019},
  publisher={Oracle}
}

@book{japkowicz2011evaluating,
  title={Evaluating learning algorithms: a classification perspective},
  author={Japkowicz, Nathalie and Shah, Mohak},
  year={2011},
  publisher={Cambridge University Press}
}

@article{yin2017comparative,
  title={Comparative study of CNN and RNN for natural language processing},
  author={Yin, Wenpeng and Kann, Katharina and Yu, Mo and Sch{\"u}tze, Hinrich},
  journal={arXiv preprint arXiv:1702.01923},
  year={2017}
}

@article{chapman2001simple,
  title={A simple algorithm for identifying negated findings and diseases in discharge summaries},
  author={Chapman, Wendy W and Bridewell, Will and Hanbury, Paul and Cooper, Gregory F and Buchanan, Bruce G},
  journal={Journal of biomedical informatics},
  volume={34},
  number={5},
  pages={301--310},
  year={2001},
  publisher={Elsevier}
}

@article{preece2018asking,
  title={Asking ‘Why’in AI: Explainability of intelligent systems--perspectives and challenges},
  author={Preece, Alun},
  journal={Intelligent Systems in Accounting, Finance and Management},
  volume={25},
  number={2},
  pages={63--72},
  year={2018},
  publisher={Wiley Online Library}
}

@article{london2019artificial,
  title={Artificial Intelligence and Black-Box Medical Decisions: Accuracy versus Explainability},
  author={London, Alex John},
  journal={Hastings Center Report},
  volume={49},
  number={1},
  pages={15--21},
  year={2019},
  publisher={Wiley Online Library}
}

@inproceedings{liu2018improving,
  title={Improving the Interpretability of Deep Neural Networks with Knowledge Distillation},
  author={Liu, Xuan and Wang, Xiaoguang and Matwin, Stan},
  booktitle={2018 IEEE International Conference on Data Mining Workshops (ICDMW)},
  pages={905--912},
  year={2018},
  organization={IEEE}
}

@article{zheng2019hyperparameter,
  title={Hyperparameter optimization of neural network-driven spatial models accelerated using cyber-enabled high-performance computing},
  author={Zheng, Minrui and Tang, Wenwu and Zhao, Xiang},
  journal={International Journal of Geographical Information Science},
  volume={33},
  number={2},
  pages={314--345},
  year={2019},
  publisher={Taylor \& Francis}
}

@article{zhou2018exploring,
  title={Exploring Tunable Hyperparameters for Deep Neural Networks with Industrial ADME Data Sets},
  author={Zhou, Yadi and Cahya, Suntara and Combs, Steven A and Nicolaou, Christos A and Wang, Jibo and Desai, Prashant V and Shen, Jie},
  journal={Journal of chemical information and modeling},
  volume={59},
  number={3},
  pages={1005--1016},
  year={2018},
  publisher={ACS Publications}
}

@misc{mikolov2015word2vec,
  title={word2vec: Tool for computing continuous distributed representations of words},
  author={Mikolov, Thomas},
  year={2015}
}

@article{manning2010introduction,
  title={Introduction to information retrieval},
  author={Manning, Christopher and Raghavan, Prabhakar and Sch{\"u}tze, Hinrich},
  journal={Natural Language Engineering},
  volume={16},
  number={1},
  pages={100--103},
  year={2010},
  publisher={Cambridge university press}
}

@book{murphy2012machine,
  title={Machine learning: a probabilistic perspective},
  author={Murphy, Kevin P},
  year={2012},
  publisher={MIT press}
}

@book{kelleher2015fundamentals,
  title={Fundamentals of machine learning for predictive data analytics: algorithms, worked examples, and case studies},
  author={Kelleher, John D and Mac Namee, Brian and D'arcy, Aoife},
  year={2015},
  publisher={MIT Press}
}

@book{goodfellow2016deep,
  title={Deep learning},
  author={Goodfellow, Ian and Bengio, Yoshua and Courville, Aaron},
  year={2016},
  publisher={MIT press}
}

@article{lyneham2008explicating,
  title={Explicating Benner’s concept of expert practice: intuition in emergency nursing},
  author={Lyneham, Joy and Parkinson, Camillus and Denholm, Carey},
  journal={Journal of Advanced Nursing},
  volume={64},
  number={4},
  pages={380--387},
  year={2008},
  publisher={Wiley Online Library}
}

@article{okoli2016information,
  title={Information processing and intuitive decision-making on the fireground: towards a model of expert intuition},
  author={Okoli, Justin O and Weller, Gordon and Watt, John},
  journal={Cognition, Technology \& Work},
  volume={18},
  number={1},
  pages={89--103},
  year={2016},
  publisher={Springer}
}

@article{kc2013does,
  title={Does multitasking improve performance? Evidence from the emergency department},
  author={Kc, Diwas Singh},
  journal={Manufacturing \& Service Operations Management},
  volume={16},
  number={2},
  pages={168--183},
  year={2013},
  publisher={INFORMS}
}

@article{cherif2018multitasking,
  title={Multitasking in the military: Cognitive consequences and potential solutions},
  author={Ch{\'e}rif, Lobna and Wood, Valerie and Marois, Alexandre and Labont{\'e}, Katherine and Vachon, Fran{\c{c}}ois},
  journal={Applied cognitive psychology},
  volume={32},
  number={4},
  pages={429--439},
  year={2018},
  publisher={Wiley Online Library}
}

@article{bodenreider2004unified,
  title={The unified medical language system (UMLS): integrating biomedical terminology},
  author={Bodenreider, Olivier},
  journal={Nucleic acids research},
  volume={32},
  number={suppl\_1},
  pages={D267--D270},
  year={2004},
  publisher={Oxford University Press}
}

@article{nadeau2007survey,
  title={A survey of named entity recognition and classification},
  author={Nadeau, David and Sekine, Satoshi},
  journal={Lingvisticae Investigationes},
  volume={30},
  number={1},
  pages={3--26},
  year={2007},
  publisher={John Benjamins}
}

@article{verbeke2006international,
  title={The International Classification of Primary Care (ICPC-2): an essential tool in the EPR of the GP.},
  author={Verbeke, Marc and Schrans, Di{\"e}go and Deroose, Sven and De Maeseneer, Jan},
  journal={Studies in health technology and informatics},
  volume={124},
  pages={809},
  year={2006},
  publisher={IOS Press; 1999}
}

@article{bentsen1986international,
  title={International classification of primary care},
  author={Bentsen, Bent Guttorm},
  journal={Scandinavian journal of primary health care},
  volume={4},
  number={1},
  pages={43--50},
  year={1986},
  publisher={Taylor \& Francis}
}

@inproceedings{rachmawati2018comparative,
  title={A comparative study of Message Digest 5 (MD5) and SHA256 algorithm},
  author={Rachmawati, D and Tarigan, JT and Ginting, ABC},
  booktitle={Journal of Physics: Conference Series},
  volume={978},
  number={1},
  pages={012116},
  year={2018},
  organization={IOP Publishing}
}

@article{hu2005efficient,
  title={Efficient, high-quality force-directed graph drawing},
  author={Hu, Yifan},
  journal={Mathematica Journal},
  volume={10},
  number={1},
  pages={37--71},
  year={2005},
  publisher={Redwood City, Ca.: Advanced Book Program, Addison-Wesley Pub. Co., c1990-}
}

@inproceedings{rehurek_lrec,
      title = {{Software Framework for Topic Modelling with Large Corpora}},
      author = {Radim {\v R}eh{\r u}{\v r}ek and Petr Sojka},
      booktitle = {{Proceedings of the LREC 2010 Workshop on New
           Challenges for NLP Frameworks}},
      pages = {45--50},
      year = 2010,
      month = May,
      day = 22,
      publisher = {ELRA},
      address = {Valletta, Malta},
      note={\url{http://is.muni.cz/publication/884893/en}},
      language={English}
}

@article{habibi2017deep,
  title={Deep learning with word embeddings improves biomedical named entity recognition},
  author={Habibi, Maryam and Weber, Leon and Neves, Mariana and Wiegandt, David Luis and Leser, Ulf},
  journal={Bioinformatics},
  volume={33},
  number={14},
  pages={i37--i48},
  year={2017},
  publisher={Oxford University Press}
}

@misc{nvidia2017cuda,
  author = {Nvidia},
  title = {CUDA},
  year = 2017,
  url = {https://developer.nvidia.com/cuda-zone},
  urldate = {2017-12-10}
}


@misc{tensorflow2015-whitepaper,
title={ {TensorFlow}: Large-Scale Machine Learning on Heterogeneous Systems},
url={https://www.tensorflow.org/},
note={Software available from tensorflow.org},
author={
    Mart\'{\i}n~Abadi and
    Ashish~Agarwal and
    Paul~Barham and
    Eugene~Brevdo and
    Zhifeng~Chen and
    Craig~Citro and
    Greg~S.~Corrado and
    Andy~Davis and
    Jeffrey~Dean and
    Matthieu~Devin and
    Sanjay~Ghemawat and
    Ian~Goodfellow and
    Andrew~Harp and
    Geoffrey~Irving and
    Michael~Isard and
    Yangqing Jia and
    Rafal~Jozefowicz and
    Lukasz~Kaiser and
    Manjunath~Kudlur and
    Josh~Levenberg and
    Dandelion~Man\'{e} and
    Rajat~Monga and
    Sherry~Moore and
    Derek~Murray and
    Chris~Olah and
    Mike~Schuster and
    Jonathon~Shlens and
    Benoit~Steiner and
    Ilya~Sutskever and
    Kunal~Talwar and
    Paul~Tucker and
    Vincent~Vanhoucke and
    Vijay~Vasudevan and
    Fernanda~Vi\'{e}gas and
    Oriol~Vinyals and
    Pete~Warden and
    Martin~Wattenberg and
    Martin~Wicke and
    Yuan~Yu and
    Xiaoqiang~Zheng},
  year={2015},
}


@article{sanderson2010christopher,
  title={Christopher D. Manning, Prabhakar Raghavan, Hinrich Sch{\"u}tze, Introduction to Information Retrieval, Cambridge University Press. 2008. ISBN-13 978-0-521-86571-5, xxi+ 482 pages.},
  author={Sanderson, Mark},
  journal={Natural Language Engineering},
  volume={16},
  number={01},
  pages={100--103},
  year={2010},
  publisher={Cambridge Univ Press}
}


@article{lees1957syntactic,
  title={Syntactic Structures},
  author={Lees, Robert B and Chomsky, N},
  journal={Language},
  volume={33},
  number={3  Part 1},
  pages={375--408},
  year={1957}
}

@article{michaelsen2015medication,
  title={Medication Reconciliation at Discharge from Hospital: A Systematic Review of the Quantitative Literature},
  author={Michaelsen, Maja H and McCague, Paul and Bradley, Colin P and Sahm, Laura J},
  journal={Pharmacy},
  volume={3},
  number={2},
  pages={53--71},
  year={2015},
  publisher={Multidisciplinary Digital Publishing Institute}
}

@article{paul2012model,
  title={A model for mining public health topics from Twitter},
  author={Paul, Michael J and Dredze, Mark},
  journal={Health},
  volume={11},
  pages={16--6},
  year={2012}
}

@article{schulz2002fast,
  title={Fast string correction with Levenshtein automata},
  author={Schulz, Klaus U and Mihov, Stoyan},
  journal={International Journal on Document Analysis and Recognition},
  volume={5},
  number={1},
  pages={67--85},
  year={2002},
  publisher={Springer}
}

@article{blondel2008fast,
  title={Fast unfolding of communities in large networks},
  author={Blondel, Vincent D and Guillaume, Jean-Loup and Lambiotte, Renaud and Lefebvre, Etienne},
  journal={Journal of statistical mechanics: theory and experiment},
  volume={2008},
  number={10},
  pages={P10008},
  year={2008},
  publisher={IOP Publishing}
}

@article{figueiredo2011word,
  title={Word co-occurrence features for text classification},
  author={Figueiredo, F{\'a}bio and Rocha, Leonardo and Couto, Thierson and Salles, Thiago and Gon{\c{c}}alves, Marcos Andr{\'e} and Meira Jr, Wagner},
  journal={Information Systems},
  volume={36},
  number={5},
  pages={843--858},
  year={2011},
  publisher={Elsevier}
}

@article{gruber1993ontology,
  title={What is an Ontology},
  author={Gruber, Tom},
  journal={WWW Site http://www-ksl. stanford. edu/kst/whatis-an-ontology. html (accessed on 07-09-2004)},
  year={1993}
}

@article{adastra,
  title={HELPSHEET CE-CEN},
  author={Advanced Health and Care Ltd.},
  year={2014}
}

@book{kelleher2015privacy,
  title={Privacy and Data Protection Law in Ireland},
  author={Kelleher, Denis},
  year={2015},
  publisher={Bloomsbury Publishing}
}

@article{commissioner2004data,
  title={Data Protection Acts 1988 and 2003--A Guide for Data Controllers},
  author={Commissioner, Data Protection},
  journal={Dublin: Office of the Data Protection Commissioner},
  year={2004}
}

@inproceedings{zuccon2012exploiting,
  title={Exploiting medical hierarchies for concept-based information retrieval},
  author={Zuccon, Guido and Koopman, Bevan and Nguyen, Anthony and Vickers, Deanne and Butt, Luke},
  booktitle={Proceedings of the Seventeenth Australasian Document Computing Symposium},
  pages={111--114},
  year={2012},
  organization={ACM}
}

@article{hearst2003simple,
  title={A simple algorithm for identifying abbreviation definitions in biomedical text},
  author={Hearst, MAAS Schwartz},
  year={2003}
}

National Review of GP Out Of Hours' Services, HSE, 2010.

@TECHREPORT{natreview,
  title={National Review of GP Out Of Hours' Services},
  author={HSE},
  year={2010},
  INSTITUTION ={Health Service Executive}
}

@article{abbreviations,
  title={Health Service Executive Code of Practice for Healthcare Records Management},
  author={HSE},
  year={2010},
  publisher={Health Service Executive}
}


@article{norvig2007write,
  title={How to write a spelling corrector},
  author={Norvig, Peter},
  journal={Online at: http://norvig. com/spell-correct. html},
  year={2007}
}

@article{anholt2014mining,
  title={Mining free-text medical records for companion animal enteric syndrome surveillance},
  author={Anholt, R Michele and Berezowski, John and Jamal, Iqbal and Ribble, Carl and Stephen, Craig},
  journal={Preventive veterinary medicine},
  volume={113},
  number={4},
  pages={417--422},
  year={2014},
  publisher={Elsevier}
}

@article{flarup2014chronic,
  title={Chronic-disease patients and their use of out-of-hours primary health care: a cross-sectional study},
  author={Flarup, Lone and Moth, Grete and Christensen, Morten Bondo and Vestergaard, Mogens and Olesen, Frede and Vedsted, Peter},
  journal={BMC family practice},
  volume={15},
  number={1},
  pages={1},
  year={2014},
  publisher={BioMed Central}
}

@article{den2009frequent,
  title={Frequent attendance of primary care out-of-hours services in the Netherlands: characteristics of patients and presented morbidity},
  author={den Boer-Wolters, Dianne and Knol, Mirjam J and Smulders, Kien and de Wit, Niek J},
  journal={Family practice},
  pages={cmp103},
  year={2009},
  publisher={Oxford Univ Press}
}

@article{rink2011automatic,
  title={Automatic extraction of relations between medical concepts in clinical texts},
  author={Rink, Bryan and Harabagiu, Sanda and Roberts, Kirk},
  journal={Journal of the American Medical Informatics Association},
  volume={18},
  number={5},
  pages={594--600},
  year={2011},
  publisher={The Oxford University Press}
}

@inproceedings{finch2014tagline,
  title={TagLine: Information Extraction for Semi-Structured Text in Medical Progress Notes},
  author={Finch, Dezon K and McCart, James A and Luther, Stephen L},
  booktitle={AMIA Annual Symposium Proceedings},
  volume={2014},
  pages={534},
  year={2014},
  organization={American Medical Informatics Association}
}

@article{muzaffar2015relation,
  title={A Relation Extraction Framework for Biomedical Text Using Hybrid Feature Set},
  author={Muzaffar, Abdul Wahab and Azam, Farooque and Qamar, Usman},
  journal={Computational and mathematical methods in medicine},
  volume={2015},
  year={2015},
  publisher={Hindawi Publishing Corporation}
}

@article{jiang2010text,
  title={Text classification using graph mining-based feature extraction},
  author={Jiang, Chuntao and Coenen, Frans and Sanderson, Robert and Zito, Michele},
  journal={Knowledge-Based Systems},
  volume={23},
  number={4},
  pages={302--308},
  year={2010},
  publisher={Elsevier}
}

@article{chen2009feature,
  title={Feature selection for text classification with Na{\"\i}ve Bayes},
  author={Chen, Jingnian and Huang, Houkuan and Tian, Shengfeng and Qu, Youli},
  journal={Expert Systems with Applications},
  volume={36},
  number={3},
  pages={5432--5435},
  year={2009},
  publisher={Elsevier}
}

@article{meijer2014semantic,
  title={A semantic approach for extracting domain taxonomies from text},
  author={Meijer, Kevin and Frasincar, Flavius and Hogenboom, Frederik},
  journal={Decision Support Systems},
  volume={62},
  pages={78--93},
  year={2014},
  publisher={Elsevier}
}

@inproceedings{ganesan2014general,
  title={A general supervised approach to segmentation of clinical texts},
  author={Ganesan, Kavita and Subotin, Michael},
  booktitle={Big Data (Big Data), 2014 IEEE International Conference on},
  pages={33--40},
  year={2014},
  organization={IEEE}
}


@article{nair2014survey,
  title={A Survey on Medical Text Mining},
  author={Nair, Revathi M and Sindhu, L},
  journal={International Journal of Computer Applications},
  volume={108},
  number={15},
  year={2014},
  publisher={Foundation of Computer Science}
}

@inproceedings{prakash2014mining,
  title={Mining semantic representation from medical text: A Bayesian approach},
  author={Prakash, G and Patric, Bino and Jacob, Shomona Gracia and Radhameena, S},
  booktitle={Recent Trends in Information Technology (ICRTIT), 2014 International Conference on},
  pages={1--4},
  year={2014},
  organization={IEEE}
}

@phdthesis{fahey2012obstacles,
  title={The Obstacles and Enablers to implementing a Patient Held Prescribing Record in Ireland},
  author={Fahey, Paul},
  year={2012},
  school={University of Dublin}
}


@article{bogan2010connected,
  title={Connected Health in Ireland: An All-Island Review},
  author={Bogan, D and Spence, J and Donnelly, P},
  journal={BioBusiness, Dublin, Rep. 1109CHREP},
  year={2010}
}



@article{peek2015artificial,
  title={Artificial Intelligence in Medicine AIME 2013},
  author={Peek, Niels and Morales, Roque Mar{\'\i}n and Peleg, Mor},
  journal={Artificial intelligence in medicine},
  volume={65},
  number={1},
  pages={1--3},
  year={2015},
  publisher={Elsevier}
}


@book{L.Aouad1-07,
author = {L. Aouad and  N-A. Le-Khac and M-T. Kechadi},
title = { Advances in Data Mining. Theoretical Aspects and Applications},
year = {2007},
publisher = {Springer Berlin Heidelberg, Germany},
page = {120-134},
month= {14-18 July}
}

@article{xu2012named,
  title={Named entity recognition of follow-up and time information in 20 000 radiology reports},
  author={Xu, Yan and Tsujii, Junichi and Eric, I and Chang, Chao},
  journal={Journal of the American Medical Informatics Association},
  volume={19},
  number={5},
  pages={792--799},
  year={2012},
  publisher={The Oxford University Press}
}

 @article{xu2010medex,
  title={MedEx: a medication information extraction system for clinical narratives},
  author={Xu, Hua and Stenner, Shane P and Doan, Son and Johnson, Kevin B and Waitman, Lemuel R and Denny, Joshua C},
  journal={Journal of the American Medical Informatics Association},
  volume={17},
  number={1},
  pages={19--24},
  year={2010},
  publisher={The Oxford University Press}
}

@inproceedings{levin2007extraction,
  title={Extraction and mapping of drug names from free text to a standardized nomenclature.},
  author={Levin, Matthew A and Krol, Marina and Doshi, Ankur and Reich, David L},
  booktitle={AMIA},
  pages={438--42},
  year={2007}
}

@article{dunne2013review,
  title={A review of the differences and similarities between generic drugs and their originator counterparts, including economic benefits associated with usage of generic medicines, using Ireland as a case study},
  author={Dunne, Suzanne and Shannon, Bill and Dunne, Colum and Cullen, Walter},
  journal={BMC Pharmacology and Toxicology},
  volume={14},
  number={1},
  pages={1},
  year={2013},
  publisher={BioMed Central Ltd}
}

@BOOK{hadavsova2009practicals,
  title={Practicals in Pharmacology},
  author={Hada{\v{s}}ov{\'a}, MUDr Eva McCaskey and others},
  year={2009},
  publisher={Masaryk University}
}

@inproceedings{kushima2012text,
  title={Text data mining of the electronic medical record of the chronic hepatitis patient},
  author={Kushima, Muneo and Araki, Kenji and Suzuki, Muneou and Araki, Sanae and Nikama, Terue},
  booktitle={Proceedings of the International MultiConference of Engineers and Computer Scientists},
  volume={1},
  year={2012}
}

@article{koppel2009emr,
  title={EMR entry error: not so benign},
  author={Koppel, Ross},
  journal={AHRQ mortality \& morbidity rounds on the web},
  year={2009}
}

@techreport{grossman2014hospital,
  title={Hospital Experiences Using Electronic Health Records to Support Medication Reconciliation},
  author={Grossman, Joy M and Gourevitch, Rebecca and Cross, Dori A and others},
  year={2014},
  institution={Mathematica Policy Research}
}

@article{sessions2006effects,
  title={The Effects of Data Quality on Machine Learning Algorithms.},
  author={Sessions, Valerie and Valtorta, Marco},
  journal={ICIQ},
  volume={6},
  pages={485--498},
  year={2006}
}

@inproceedings{jupin2012understanding,
  title={Understanding Cloud Data Using Approximate String Matching and Edit Distance},
  author={Jupin, Joseph and Shi, Justin Y and Obradovic, Zoran},
  booktitle={High Performance Computing, Networking, Storage and Analysis (SCC), 2012 SC Companion:},
  pages={1234--1243},
  year={2012},
  organization={IEEE}
}

@article{hodge2003comparison,
  title={A comparison of standard spell checking algorithms and a novel binary neural approach},
  author={Hodge, Victoria J and Austin, Jim},
  journal={Knowledge and Data Engineering, IEEE Transactions on},
  volume={15},
  number={5},
  pages={1073--1081},
  year={2003},
  publisher={IEEE}
}




@book{dataprotection2018,
  title={Data Protection Act 2018},
  author={Oireachtas Éireann},
  number={7},
  year={2018},
  publisher={Office of the Attorney General of Ireland}
}


@article{salton1988term,
  title={Term-weighting approaches in automatic text retrieval},
  author={Salton, Gerard and Buckley, Christopher},
  journal={Information processing \& management},
  volume={24},
  number={5},
  pages={513--523},
  year={1988},
  publisher={Elsevier}
}



@inproceedings{ramos2003using,
  title={Using tf-idf to determine word relevance in document queries},
  author={Ramos, Juan and others},
  booktitle={Proceedings of the first instructional conference on machine learning},
  volume={242},
  pages={133--142},
  year={2003},
  organization={Piscataway, NJ}
}


@book{bird2009natural,
  title={Natural language processing with Python: analyzing text with the natural language toolkit},
  author={Bird, Steven and Klein, Ewan and Loper, Edward},
  year={2009},
  publisher={" O'Reilly Media, Inc."}
}


@phdthesis{kasem2017exploring,
  title={Exploring the views of parents of children aged two years and under following telephone advice from nurses working in a GP out-of-hours service in Ireland},
  author={Kasem, Abedallah Yousef},
  year={2017},
  school={University of Southampton}
}

@article{aldosari2017patients,
  title={Patients' safety in the era of EMR/EHR automation},
  author={Aldosari, Bakheet},
  journal={Informatics in Medicine Unlocked},
  volume={9},
  pages={230--233},
  year={2017},
  publisher={Elsevier}
}

@inproceedings{demner2018finding,
  title={Finding medication doses in the liteature},
  author={Demner-Fushman, Dina and Mork, James G and Rogers, Willie J and Shooshan, Sonya E and Rodriguez, Laritza and Aronson, Alan R},
  booktitle={AMIA Annual Symposium Proceedings},
  volume={2018},
  pages={368},
  year={2018},
  organization={American Medical Informatics Association}
}

@article{rasmy2018study,
  title={A study of generalizability of recurrent neural network-based predictive models for heart failure onset risk using a large and heterogeneous EHR data set},
  author={Rasmy, Laila and Wu, Yonghui and Wang, Ningtao and Geng, Xin and Zheng, W Jim and Wang, Fei and Wu, Hulin and Xu, Hua and Zhi, Degui},
  journal={Journal of biomedical informatics},
  volume={84},
  pages={11--16},
  year={2018},
  publisher={Elsevier}
}




@book{martin2014speech,
  title={Speech and language processing: An introduction to natural language processing, computational linguistics, and speech recognition},
  author={Martin, James H and Jurafsky, Daniel},
  year={2014},
  publisher={Pearson/Prentice Hall Upper Saddle River}
}

@article{collard2015use,
  title={The use of abbreviations in surgical note keeping},
  author={Collard, B and Royal, A},
  journal={Annals of Medicine and Surgery},
  volume={4},
  number={2},
  pages={100--102},
  year={2015},
  publisher={Elsevier}
}

@article{reisman2017ehrs,
  title={EHRs: the challenge of making electronic data usable and interoperable},
  author={Reisman, Miriam},
  journal={Pharmacy and Therapeutics},
  volume={42},
  number={9},
  pages={572},
  year={2017},
  publisher={MediMedia, USA}
}

@article{okazaki2006building,
  title={Building an abbreviation dictionary using a term recognition approach},
  author={Okazaki, Naoaki and Ananiadou, Sophia},
  journal={Bioinformatics},
  volume={22},
  number={24},
  pages={3089--3095},
  year={2006},
  publisher={Oxford University Press}
}

@inproceedings{nautial2014finding,
  title={Finding acronym expansion using semi-Markov conditional random fields},
  author={Nautial, Ankit and Sristy, Nagesh Bhattu and Somayajulu, Durvasula VLN},
  booktitle={Proceedings of the 7th ACM India Computing Conference},
  pages={16},
  year={2014},
  organization={ACM}
}

@article{singh2013designing,
  title={Designing of an efficient algorithm for identifying Abbreviation definitions in biomedical Text},
  author={Singh, Shashank and Sharma, Gaurav and Nazeer, Abdul KA and Singh, Shalini},
  journal={International Journal of Computer Science \& Information Technology},
  volume={5},
  number={3},
  pages={143},
  year={2013},
  publisher={Academy \& Industry Research Collaboration Center (AIRCC)}
}

@article{vu2015screening,
  title={Screening of mental health and substance users in frequent users of a general Swiss emergency department},
  author={Vu, Francis and Daeppen, Jean-Bernard and Hugli, Olivier and Iglesias, Katia and Stucki, Stephanie and Paroz, Sophie and Allen, Marina Canepa and Bodenmann, Patrick},
  journal={BMC emergency medicine},
  volume={15},
  number={1},
  pages={27},
  year={2015},
  publisher={BioMed Central}
}

@article{chan2018frequent,
  title={Frequent attenders at the emergency department: an analysis of characteristics and utilisation trends},
  author={Chan, Joanna Shi-En and Tin, Aung Soe and Chow, Wai Leng and Tiah, Ling and Tiru, Mohan and Lee, Chien Earn},
  journal={Proceedings of Singapore Healthcare},
  volume={27},
  number={1},
  pages={12--19},
  year={2018},
  publisher={SAGE Publications Sage UK: London, England}
}

@article{meng2017disordered,
  title={Disordered lives: Life circumstances and clinical characteristics of very frequent users of emergency departments for primary mental health complaints},
  author={Meng, Xiangfei and Muggli, Tracy and Baetz, Marilyn and D’Arcy, Carl},
  journal={Psychiatry research},
  volume={252},
  pages={9--15},
  year={2017},
  publisher={Elsevier}
}

@article{trivedi2017nlpreviz,
  title={NLPReViz: an interactive tool for natural language processing on clinical text},
  author={Trivedi, Gaurav and Pham, Phuong and Chapman, Wendy W and Hwa, Rebecca and Wiebe, Janyce and Hochheiser, Harry},
  journal={Journal of the American Medical Informatics Association},
  volume={25},
  number={1},
  pages={81--87},
  year={2017},
  publisher={Oxford University Press}
}


@article{graversen2019quality,
  title={Quality of out-of-hours telephone triage by general practitioners and nurses: development and testing of the AQTT--an assessment tool measuring communication, patient safety and efficiency},
  author={Graversen, DS and Pedersen, AF and Carlsen, AH and Bro, F and Huibers, L and Christensen, MB},
  journal={Scandinavian journal of primary health care},
  pages={1--12},
  year={2019},
  publisher={Taylor \& Francis}
}


@article{goroll2017emerging,
  title={Emerging from EHR purgatory—moving from process to outcomes},
  author={Goroll, Allan H},
  journal={New England Journal of Medicine},
  volume={376},
  number={21},
  pages={2004--2006},
  year={2017},
  publisher={Mass Medical Soc}
}



%% Saved with string encoding Unicode (UTF-8) 

@misc{fonarow2017hospital,
  title={The hospital readmission reduction program is associated with fewer readmissions, more deaths: time to reconsider},
  author={Fonarow, Gregg C and Konstam, Marvin A and Yancy, Clyde W},
  year={2017},
  publisher={Journal of the American College of Cardiology}
}

@article{boehme2018infections,
  title={Infections Increase the Risk of 30-Day Readmissions Among Stroke Survivors: Analysis of the National Readmission Database},
  author={Boehme, Amelia K and Kulick, Erin R and Canning, Michelle and Alvord, Trevor and Khaksari, Bijan and Omran, Setareh and Willey, Joshua Z and Elkind, Mitchell SV},
  journal={Stroke},
  volume={49},
  number={12},
  pages={2999--3005},
  year={2018},
  publisher={Am Heart Assoc}
}

@article{kociol2012international,
  title={International variation in and factors associated with hospital readmission after myocardial infarction},
  author={Kociol, Robb D and Lopes, Renato D and Clare, Robert and Thomas, Laine and Mehta, Rajendra H and Kaul, Padma and Pieper, Karen S and Hochman, Judith S and Weaver, W Douglas and Armstrong, Paul W and others},
  journal={Jama},
  volume={307},
  number={1},
  pages={66--74},
  year={2012},
  publisher={American Medical Association}
}

@article{covert2016predicting,
  title={Predicting and preventing readmissions in kidney transplant recipients},
  author={Covert, Kelly L and Fleming, James N and Staino, Carmelina and Casale, Jillian P and Boyle, Kimberly M and Pilch, Nicole A and Meadows, Holly B and Mardis, Caitlin R and McGillicuddy, John W and Nadig, Satish and others},
  journal={Clinical transplantation},
  volume={30},
  number={7},
  pages={779--786},
  year={2016},
  publisher={Wiley Online Library}
}

@article{brudvik2015definition,
  title={Definition of readmission in 3,041 patients undergoing hepatectomy},
  author={Brudvik, Kristoffer W and Mise, Yoshihiro and Conrad, Claudius and Zimmitti, Giuseppe and Aloia, Thomas A and Vauthey, Jean-Nicolas},
  journal={Journal of the American College of Surgeons},
  volume={221},
  number={1},
  pages={38--46},
  year={2015},
  publisher={Elsevier}
}


%Readmission refers exclusively to secondary and tertiary health care, and generally relates to unanticipated follow-up care shortly after a patient's treatment. Readmission may reflect badly upon the healthcare provider, and certain systems penalise hospitals which experience higher than anticipated rates of readmission. Furthermore, readmission research typically focuses on a specific medical subdomain, such as myocardial infarction, Parkinson's disease, diabetes,


@article{pymont2015longitudinal,
  title={Longitudinal cohort study describing persistent frequent attenders in Australian primary healthcare},
  author={Pymont, Carly and Butterworth, Peter},
  journal={BMJ open},
  volume={5},
  number={10},
  pages={e008975},
  year={2015},
  publisher={British Medical Journal Publishing Group}
}

@article{pasgaard2018social,
  title={Social capital and frequent attenders in general practice: a register-based cohort study},
  author={Pasgaard, Alexander A and M{\ae}hlisen, Maiken H and Overgaard, Charlotte and Ejlskov, Linda and Torp-Pedersen, Christian and B{\o}ggild, Henrik},
  journal={BMC public health},
  volume={18},
  number={1},
  pages={310},
  year={2018},
  publisher={BioMed Central}
}
@misc{mckenna1998client,
  title={Client/server database system with methods for improved soundex processing in a heterogeneous language environment},
  author={McKenna, Michael G},
  year={1998},
  month=may # "~26",
  publisher={Google Patents},
  note={US Patent 5,758,314}
}

@article{soguero2014support,
  title={Support vector feature selection for early detection of anastomosis leakage from bag-of-words in electronic health records},
  author={Soguero-Ruiz, Cristina and Hindberg, Kristian and Rojo-{\'A}lvarez, Jos{\'e} Luis and Skr{\o}vseth, Stein Olav and Godtliebsen, Fred and Mortensen, Kim and Revhaug, Arthur and Lindsetmo, Rolv-Ole and Augestad, Knut Magne and Jenssen, Robert},
  journal={IEEE journal of biomedical and health informatics},
  volume={20},
  number={5},
  pages={1404--1415},
  year={2014},
  publisher={IEEE}
}

@article{sanz2018svm,
  title={SVM-RFE: selection and visualization of the most relevant features through non-linear kernels},
  author={Sanz, Hector and Valim, Clarissa and Vegas, Esteban and Oller, Josep M and Reverter, Ferran},
  journal={BMC bioinformatics},
  volume={19},
  number={1},
  pages={1--18},
  year={2018},
  publisher={BioMed Central}
}

@article{smits2013predictability,
  title={Predictability of persistent frequent attendance in primary care: a temporal and geographical validation study},
  author={Smits, Frans T and Brouwer, Henk J and Zwinderman, Aeilko H and van den Akker, Marjan and van Steenkiste, Ben and Mohrs, Jacob and Schene, Aart H and van Weert, Henk C and ter Riet, Gerben},
  journal={PloS one},
  volume={8},
  number={9},
  pages={e73125},
  year={2013},
  publisher={Public Library of Science}
}

@article{smits2009predictability,
  title={Predictability of persistent frequent attendance: a historic 3-year cohort study},
  author={Smits, Frans ThM and Brouwer, Henk J and van Weert, Henk CP and Schene, Aart H and ter Riet, Gerben},
  journal={Br J Gen Pract},
  volume={59},
  number={559},
  pages={e44--e50},
  year={2009},
  publisher={British Journal of General Practice}
}

@article{dietrich2019replicating,
  title={Replicating medication trend studies using ad hoc information extraction in a clinical data warehouse},
  author={Dietrich, Georg and Krebs, Jonathan and Liman, Leon and Fette, Georg and Ertl, Maximilian and Kaspar, Mathias and St{\"o}rk, Stefan and Puppe, Frank},
  journal={BMC medical informatics and decision making},
  volume={19},
  number={1},
  pages={15},
  year={2019},
  publisher={BioMed Central}
}

@article{hamiel2018frequency,
  title={Frequency, comprehension and attitudes of physicians towards abbreviations in the medical record},
  author={Hamiel, Uri and Hecht, Idan and Nemet, Achia and Pe’er, Liron and Man, Vitaly and Hilely, Assaf and Achiron, Asaf},
  journal={Postgraduate medical journal},
  volume={94},
  number={1111},
  pages={254--258},
  year={2018},
  publisher={The Fellowship of Postgraduate Medicine}
}

@article{joopudi2018convolutional,
  title={A convolutional route to abbreviation disambiguation in clinical text},
  author={Joopudi, Venkata and Dandala, Bharath and Devarakonda, Murthy},
  journal={Journal of biomedical informatics},
  volume={86},
  pages={71--78},
  year={2018},
  publisher={Elsevier}
}


@article{joopudi2018convolutional,
  title={A convolutional route to abbreviation disambiguation in clinical text},
  author={Joopudi, Venkata and Dandala, Bharath and Devarakonda, Murthy},
  journal={Journal of biomedical informatics},
  volume={86},
  pages={71--78},
  year={2018},
  publisher={Elsevier}
}



@inproceedings{kanavos2014pubmed,
  title={A pubmed meta search engine based on biomedical entity mining},
  author={Kanavos, Andreas and Theodoridis, Evangelos and Tsakalidis, Athanasios},
  booktitle={2014 25th International Workshop on Database and Expert Systems Applications},
  pages={82--86},
  year={2014},
  organization={IEEE}
}

@article{richesson2010achieving,
  title={Achieving standardized medication data in clinical research studies: two approaches and applications for implementing RxNorm},
  author={Richesson, Rachel L and Smith, Susan B and Malloy, Jamie and Krischer, Jeffrey P},
  journal={Journal of medical systems},
  volume={34},
  number={4},
  pages={651--657},
  year={2010},
  publisher={Springer}
}

@article{bennett2012utilizing,
  title={Utilizing RxNorm to support practical computing applications: capturing medication history in live electronic health records},
  author={Bennett, Casey C},
  journal={Journal of biomedical informatics},
  volume={45},
  number={4},
  pages={634--641},
  year={2012},
  publisher={Elsevier}
}

@article{lu2016use,
  title={The use of natural language processing on narrative medication schedules to compute average weekly dose},
  author={Lu, Chao-Chin and Leng, Jianwei and Cannon, Grant W and Zhou, Xi and Egger, Marlene and South, Brett and Burningham, Zach and Zeng, Qing and Sauer, Brian C},
  journal={Pharmacoepidemiology and drug safety},
  volume={25},
  number={12},
  pages={1414--1424},
  year={2016},
  publisher={Wiley Online Library}
}



@inproceedings{taghva2011acronym,
  title={Acronym expansion via hidden Markov models},
  author={Taghva, Kazem and Vyas, Lakshmi},
  booktitle={2011 21st International Conference on Systems Engineering},
  pages={120--125},
  year={2011},
  organization={IEEE}
}

@article{mate2015ontology,
  title={Ontology-based data integration between clinical and research systems},
  author={Mate, Sebastian and K{\"o}pcke, Felix and Toddenroth, Dennis and Martin, Marcus and Prokosch, Hans-Ulrich and B{\"u}rkle, Thomas and Ganslandt, Thomas},
  journal={PloS one},
  volume={10},
  number={1},
  pages={e0116656},
  year={2015},
  publisher={Public Library of Science}
}


@article{hipe2018,
  title={Review of information management
    practices in the Hospital In-Patient
    Enquiry (HIPE) scheme},
    pages={1--112},
    year={2018},
  publisher={The Health Information and Quality Authority}
}

@article{kharrazi2018value,
  title={The value of unstructured electronic health record data in geriatric syndrome case identification},
  author={Kharrazi, Hadi and Anzaldi, Laura J and Hernandez, Leilani and Davison, Ashwini and Boyd, Cynthia M and Leff, Bruce and Kimura, Joe and Weiner, Jonathan P},
  journal={Journal of the American Geriatrics Society},
  volume={66},
  number={8},
  pages={1499--1507},
  year={2018},
  publisher={Wiley Online Library}
}

@article{edwards2015frequent,
  title={Frequent callers to the ambulance service: patient profiling and impact of case management on patient utilisation of the ambulance service},
  author={Edwards, Melanie J and Bassett, Gary and Sinden, Levi and Fothergill, Rachael T},
  journal={Emerg Med J},
  volume={32},
  number={5},
  pages={392--396},
  year={2015},
  publisher={BMJ Publishing Group Ltd and the British Association for Accident~…}
}

@article{kaur2018proposed,
  title={A proposed solution and future direction for blockchain-based heterogeneous medicare data in cloud environment},
  author={Kaur, Harleen and Alam, M Afshar and Jameel, Roshan and Mourya, Ashish Kumar and Chang, Victor},
  journal={Journal of medical systems},
  volume={42},
  number={8},
  pages={156},
  year={2018},
  publisher={Springer}
}

@article{kaipio2017usability,
  title={Usability problems do not heal by themselves: National survey on physicians’ experiences with EHRs in Finland},
  author={Kaipio, Johanna and L{\"a}{\"a}veri, Tinja and Hypp{\"o}nen, Hannele and Vainiom{\"a}ki, Suvi and Reponen, Jarmo and Kushniruk, Andre and Borycki, Elizabeth and V{\"a}nsk{\"a}, Jukka},
  journal={International journal of medical informatics},
  volume={97},
  pages={266--281},
  year={2017},
  publisher={Elsevier}
}

@article{fragidis2018implementation,
  title={Implementation of a nationwide electronic health record (EHR) the international experience in 13 countries},
  author={Fragidis, Leonidas L and Chatzoglou, Prodromos D},
  journal={International journal of health care quality assurance},
  volume={31},
  number={2},
  pages={116--130},
  year={2018},
  publisher={Emerald Publishing Limited}
}

@article{billings2013dispelling,
  title={Dispelling an urban legend: frequent emergency department users have substantial burden of disease},
  author={Billings, John and Raven, Maria C},
  journal={Health affairs},
  volume={32},
  number={12},
  pages={2099--2108},
  year={2013}
}

@article{weber2012defining,
  title={Defining frequent use: the numbers no longer count},
  author={Weber, Ellen},
  journal={Annals of emergency medicine},
  volume={60},
  number={1},
  pages={33--34},
  year={2012}
}

@article{doupe2012frequent,
  title={Frequent users of emergency departments: developing standard definitions and defining prominent risk factors},
  author={Doupe, Malcolm B and Palatnick, Wes and Day, Suzanne and Chateau, Dan and Soodeen, Ruth-Ann and Burchill, Charles and Derksen, Shelley},
  journal={Annals of emergency medicine},
  volume={60},
  number={1},
  pages={24--32},
  year={2012},
  publisher={Elsevier}
}



@article{kuek2019characteristics,
  title={Characteristics of frequent users of emergency medical services in Singapore},
  author={Kuek, Benjamin JW and Li, Huihua and Yap, Susan and Ng, Marie XR and Ng, Yih Yng and White, Alexander E and Ong, Marcus EH},
  journal={Prehospital Emergency Care},
  volume={23},
  number={2},
  pages={215--224},
  year={2019},
  publisher={Taylor \& Francis}
}

@article{middleton2017frequent,
  title={How do frequent users of crisis helplines differ from other users regarding their reasons for calling? Results from a survey with callers to Lifeline, Australia's national crisis helpline service},
  author={Middleton, Aves and Woodward, Alan and Gunn, Jane and Bassilios, Bridget and Pirkis, Jane},
  journal={Health \& social care in the community},
  volume={25},
  number={3},
  pages={1041--1049},
  year={2017},
  publisher={Wiley Online Library}
}

@article{tarnqvist2017scene,
  title={On-scene and final assessments and their interrelationship among patients who use the EMS on multiple occasions},
  author={T{\"a}rnqvist, Julia and Dahl{\'e}n, Erik and Norberg, Gabriella and Magnusson, Carl and Herlitz, Johan and Str{\"o}ms{\"o}e, Anneli and Axelsson, Christer and Hagiwara, Magnus Andersson},
  journal={Prehospital and disaster medicine},
  volume={32},
  number={5},
  pages={528--535},
  year={2017},
  publisher={Cambridge University Press}
}

@article{pirkis2016frequent,
  title={Frequent callers to telephone helplines: new evidence and a new service model},
  author={Pirkis, Jane and Middleton, Aves and Bassilios, Bridget and Harris, Meredith and Spittal, Matthew J and Fedszyn, Izabela and Chondros, Patty and Gunn, Jane},
  journal={International journal of mental health systems},
  volume={10},
  number={1},
  pages={43},
  year={2016},
  publisher={BioMed Central}
}

@article{middleton2016experiences,
  title={The experiences of frequent users of crisis helplines: A qualitative interview study},
  author={Middleton, Aves and Gunn, Jane and Bassilios, Bridget and Pirkis, Jane},
  journal={Patient education and counseling},
  volume={99},
  number={11},
  pages={1901--1906},
  year={2016},
  publisher={Elsevier}
}

@article{middleton2016health,
  title={The health service use of frequent users of telephone helplines in a cohort of general practice attendees with depressive symptoms},
  author={Middleton, Aves and Pirkis, Jane and Chondros, Patty and Bassilios, Bridget and Gunn, Jane},
  journal={Administration and Policy in Mental Health and Mental Health Services Research},
  volume={43},
  number={5},
  pages={663--674},
  year={2016},
  publisher={Springer}
}

@article{holmstrom2017frequent,
  title={Frequent callers in primary health care--a qualitative study with a nursing perspective},
  author={Holmstr{\"o}m, Inger K and Krantz, Anna and Karacagil, Lena and Sundler, Annelie J},
  journal={Journal of advanced nursing},
  volume={73},
  number={3},
  pages={622--632},
  year={2017},
  publisher={Wiley Online Library}
}

@article{spittal2015frequent,
  title={Frequent callers to crisis helplines: Who are they and why do they call?},
  author={Spittal, Matthew J and Fedyszyn, Izabela and Middleton, Aves and Bassilios, Bridget and Gunn, Jane and Woodward, Alan and Pirkis, Jane},
  journal={Australian \& New Zealand Journal of Psychiatry},
  volume={49},
  number={1},
  pages={54--64},
  year={2015},
  publisher={Sage Publications Sage UK: London, England}
}

@misc{scott2015delivering,
  title={Delivering clinical case management for frequent callers to ambulance services},
  author={Scott, Jason},
  year={2015},
  publisher={BMJ Publishing Group Ltd and the British Association for Accident~…}
}

@article{scott2014describing,
  title={Describing and predicting frequent callers to an ambulance service: analysis of 1 year call data},
  author={Scott, Jason and Strickland, Annette Patricia and Warner, Karen and Dawson, Pamela},
  journal={Emerg Med J},
  volume={31},
  number={5},
  pages={408--414},
  year={2014},
  publisher={BMJ Publishing Group Ltd and the British Association for Accident~…}
}

@article{van2000equity,
  title={Equity in the delivery of health care in Europe and the US},
  author={Van Doorslaer, Eddy and Wagstaff, Adam and Van der Burg, Hattem and Christiansen, Terkel and De Graeve, Diana and Duchesne, Inge and Gerdtham, Ulf-G and Gerfin, Michael and Geurts, Jos{\'e} and Gross, Lorna and others},
  journal={Journal of health economics},
  volume={19},
  number={5},
  pages={553--583},
  year={2000},
  publisher={Elsevier}
}

@article{lacalle2010frequent,
  title={Frequent users of emergency departments: the myths, the data, and the policy implications},
  author={LaCalle, Eduardo and Rabin, Elaine},
  journal={Annals of emergency medicine},
  volume={56},
  number={1},
  pages={42--48},
  year={2010},
  publisher={Elsevier}
}


@article{heart2017review,
  title={A review of PHR, EMR and EHR integration: A more personalized healthcare and public health policy},
  author={Heart, Tsipi and Ben-Assuli, Ofir and Shabtai, Itamar},
  journal={Health Policy and Technology},
  volume={6},
  number={1},
  pages={20--25},
  year={2017},
  publisher={Elsevier}
}

@article{khistriya2010nhs,
  title={NHS Direct out-of-hours service for general practitioner registrars: trainees’ experiences of a learning opportunity},
  author={Khistriya, Rupa and Main, Paul and Curtis, Anthony and Irish, Bill},
  journal={Education for Primary Care},
  volume={21},
  number={3},
  pages={186--193},
  year={2010},
  publisher={Taylor \& Francis}
}

@article{michiels2017influenza,
  title={Influenza epidemic surveillance and prediction based on electronic health record data from an out-of-hours general practitioner cooperative: model development and validation on 2003--2015 data},
  author={Michiels, Barbara and Nguyen, Van Kinh and Coenen, Samuel and Ryckebosch, Philippe and Bossuyt, Nathalie and Hens, Niel},
  journal={BMC infectious diseases},
  volume={17},
  number={1},
  pages={84},
  year={2017},
  publisher={BioMed Central}
}

@article{warner2019s,
  title={It’s Time to Wikify Clinical Documentation: How Collaborative Authorship Can Reduce the Burden and Improve the Quality of the Electronic Health Record},
  author={Warner, Jeremy L and Smith, Jeffery and Wright, Adam},
  journal={Academic Medicine},
  volume={94},
  number={5},
  pages={645--650},
  year={2019},
  publisher={LWW}
}

@article{alpert2019electronic,
  title={The electronic medical record: Beauty and the Beast},
  author={Alpert, Joseph S},
  journal={The American journal of medicine},
  volume={132},
  number={4},
  pages={393--394},
  year={2019},
  publisher={Elsevier}
}

@article{harutyunyan2017multitask,
  title={Multitask learning and benchmarking with clinical time series data},
  author={Harutyunyan, Hrayr and Khachatrian, Hrant and Kale, David C and Steeg, Greg Ver and Galstyan, Aram},
  journal={arXiv preprint arXiv:1703.07771},
  year={2017}
}

@article{safran2014reuse,
  title={Reuse of clinical data},
  author={Safran, C},
  journal={Yearbook of medical informatics},
  volume={23},
  number={01},
  pages={52--54},
  year={2014},
  publisher={Georg Thieme Verlag KG}
}

@article{iyengar2016role,
  title={Role of institutional entrepreneurship in building adaptive capacity in community-based healthcare organisations: realist review protocol},
  author={Iyengar, Sweatha and Katz, Aaron and Durham, Jo},
  journal={BMJ open},
  volume={6},
  number={3},
  pages={e010915},
  year={2016},
  publisher={British Medical Journal Publishing Group}
}

@article{mahato2017paper,
  title={Paper based diagnostics for personalized health care: Emerging technologies and commercial aspects},
  author={Mahato, Kuldeep and Srivastava, Ananya and Chandra, Pranjal},
  journal={Biosensors and Bioelectronics},
  volume={96},
  pages={246--259},
  year={2017},
  publisher={Elsevier}
}

@article{peckham2016electronic,
  title={Electronic patient records, past, present and future},
  author={Peckham, Daniel},
  journal={Paediatric respiratory reviews},
  volume={20},
  pages={8--11},
  year={2016},
  publisher={Elsevier}
}

@article{ehrentraut2012detection,
  title={Detection of Hospital Acquired Infections in sparse and noisy Swedish patient records},
  author={Ehrentraut, Claudia and Tanushi, Hideyuki and Dalianis, Hercules and Tiedemann, J{\"o}rg},
  journal={A machine learning approach using Na{\"\i}ve Bayes, Support Vector Machines and C},
  volume={4},
  year={2012},
  publisher={Citeseer}
}

@incollection{dalianis2018characteristics,
  title={Characteristics of Patient Records and Clinical Corpora},
  author={Dalianis, Hercules},
  booktitle={Clinical Text Mining},
  pages={21--34},
  year={2018},
  publisher={Springer}
}

@inproceedings{gomes2018marcia,
  title={MARCIA: Applied Clinical Record Management: Eletronic Health Record Applied with EHRServer},
  author={Gomes, Fabio and Paiva, Joao and Bezerra, Arthur and Moura, Cesar and Oliveira, Mauro and Andrade, Odorico},
  booktitle={2018 IEEE 20th International Conference on e-Health Networking, Applications and Services (Healthcom)},
  pages={1--6},
  year={2018},
  organization={IEEE}
}

@article{quaglio2016health,
  title={E-Health in Europe: Current situation and challenges ahead},
  author={Quaglio, Gianluca and Dario, Claudio and Stafylas, Panos and Tiik, Madis and McCormack, Sarah and Zilgalvis, P{\=e}teris and d’Angelantonio, Marco and Karapiperis, Theodoros and Saccavini, Claudio and Kaili, Eva and others},
  journal={Health Policy and Technology},
  volume={5},
  number={4},
  pages={314--317},
  year={2016},
  publisher={Elsevier}
}

@article{stroetmann2011european,
  title={European countries on their journey towards national eHealth infrastructures},
  author={Stroetmann, Karl A and Artmann, J{\"o}rg and Stroetmann, Veli N and Protti, Denis and Dumortier, Jos and Giest, Sarah and Walossek, Uta and Whitehouse, Diane},
  journal={Luxembourg: Office for official publications of the european communities},
  year={2011}
}

@article{de2015basic,
  title={Basic ICT adoption and use by general practitioners: an analysis of primary care systems in 31 European countries},
  author={De Rosis, Sabina and Seghieri, Chiara},
  journal={BMC medical informatics and decision making},
  volume={15},
  number={1},
  pages={70},
  year={2015},
  publisher={BioMed Central}
}

@article{cifuentes2015electronic,
  title={Electronic health record challenges, workarounds, and solutions observed in practices integrating behavioral health and primary care},
  author={Cifuentes, Maribel and Davis, Melinda and Fernald, Doug and Gunn, Rose and Dickinson, Perry and Cohen, Deborah J},
  journal={J Am Board Fam Med},
  volume={28},
  number={Supplement 1},
  pages={S63--S72},
  year={2015},
  publisher={Am Board Family Med}
}

@article{doi:10.1111/nup.12112,
author = {de Ruiter, Hans-Peter and Liaschenko, Joan and Angus, Jan},
title = {Problems with the electronic health record},
journal = {Nursing Philosophy},
volume = {17},
number = {1},
pages = {49-58},
keywords = {electronic health record, technology, care, embodiment, ethics of care, nursing},
doi = {10.1111/nup.12112},
url = {https://onlinelibrary.wiley.com/doi/abs/10.1111/nup.12112},
eprint = {https://onlinelibrary.wiley.com/doi/pdf/10.1111/nup.12112},
year = {2016}
}

@article{coombes2016fix,
  title={How to fix out of hours care},
  author={Coombes, Rebecca},
  journal={Bmj},
  volume={353},
  pages={i2356},
  year={2016},
  publisher={British Medical Journal Publishing Group}
}

@article{cunniffe2016developing,
  title={Developing people-centeredness in the Irish healthcare system-continuous awareness and communication are key enablers to success},
  author={Cunniffe, Michelle and Burke, Mary and Curran, Margaret and Collier, Dorcas},
  journal={International Journal of Integrated Care},
  volume={16},
  number={6},
  year={2016},
  publisher={Ubiquity Press}
}

@article{frost2017using,
  title={Using the electronic medical record to identify patients at high risk for frequent emergency department visits and high system costs},
  author={Frost, David W and Vembu, Shankar and Wang, Jiayi and Tu, Karen and Morris, Quaid and Abrams, Howard B},
  journal={The American journal of medicine},
  volume={130},
  number={5},
  pages={601--e17},
  year={2017},
  publisher={Elsevier}
}

@article{ng2015frequent,
  title={Frequent attendances to a London emergency department: a service improvement project embedding mental health into the team},
  author={Ng, Audrey and Nadarajan, Vivek and McIver, Sian and Reid, Catriona and Schofield, Emma and Sachar, Amrit},
  journal={London Journal of Primary Care},
  volume={7},
  number={4},
  pages={70--77},
  year={2015},
  publisher={Taylor \& Francis}
}

@article{nelson2011normalized,
  title={Normalized names for clinical drugs: RxNorm at 6 years},
  author={Nelson, Stuart J and Zeng, Kelly and Kilbourne, John and Powell, Tammy and Moore, Robin},
  journal={Journal of the American Medical Informatics Association},
  volume={18},
  number={4},
  pages={441--448},
  year={2011},
  publisher={BMJ Group BMA House, Tavistock Square, London, WC1H 9JR}
}

@inproceedings{bansal2016ask,
  title={Ask the gru: Multi-task learning for deep text recommendations},
  author={Bansal, Trapit and Belanger, David and McCallum, Andrew},
  booktitle={Proceedings of the 10th ACM Conference on Recommender Systems},
  pages={107--114},
  year={2016},
  organization={ACM}
}


@inproceedings{gers1999learning,
  title={Learning to forget: Continual prediction with LSTM},
  author={Gers, Felix A and Schmidhuber, J{\"u}rgen and Cummins, Fred},
  booktitle={Proc. 9th Int. Conf. Artificial Neural Networks},
  pages={850--855},
  year={1999},
  organization={IET}
}


@article{patel2015clinical,
  title={Clinical characteristics of persistent frequent attenders in primary care: case--control study},
  author={Patel, Shireen and Kai, Joe and Atha, Christopher and Avery, Anthony and Guo, Boliang and James, Marilyn and Malins, Samuel and Sampson, Christopher and Stubley, Michelle and Morriss, Richard},
  journal={Family practice},
  volume={32},
  number={6},
  pages={624--630},
  year={2015},
  publisher={Oxford University Press UK}
}


@article{leutgeb2018patients,
  title={Patients with somatoform disorders: More frequent attendance and higher utilization in primary Out-of-Hours care?},
  author={Leutgeb, Ruediger and Berger, Sarah and Szecsenyi, Joachim and Laux, Gunter},
  journal={PloS one},
  volume={13},
  number={8},
  pages={e0202546},
  year={2018},
  publisher={Public Library of Science}
}


@inproceedings{wallace2016retrieval,
  title={Retrieval and Clustering of Medicines Within Healthcare Data Records},
  author={Wallace, Duncan and Kechadi, M and others},
  booktitle={Proceedings of the International Conference on Big Data and Advanced Wireless Technologies},
  pages={16},
  year={2016},
  organization={ACM}
}

@inproceedings{pennington2014glove,
  title={Glove: Global vectors for word representation},
  author={Pennington, Jeffrey and Socher, Richard and Manning, Christopher},
  booktitle={Proceedings of the 2014 conference on empirical methods in natural language processing (EMNLP)},
  pages={1532--1543},
  year={2014}
}

@inproceedings{wallace2017abbrev,
  title={Abbreviation and Acronym Identification and Expansion within Medical Health Records},
  author={Wallace, Duncan and Kechadi, Tahar},
  booktitle={Proceedings in the International Conference on eHealth},
  volume={2017},
  pages={102--108},
  year={2017}
}

@article{bhroin2019profiling,
  title={Profiling frequent attenders at an inner city emergency department},
  author={Bhroin, Susan U{\'\i} and Kinahan, James and Murphy, Adrian},
  journal={Irish Journal of Medical Science (1971-)},
  pages={1--7},
  year={2019},
  publisher={Springer}
}

@inproceedings{chapman2001evaluation,
  title={Evaluation of negation phrases in narrative clinical reports.},
  author={Chapman, Wendy W and Bridewell, Will and Hanbury, Paul and Cooper, Gregory F and Buchanan, Bruce G},
  booktitle={Proceedings of the AMIA Symposium},
  pages={105},
  year={2001},
  organization={American Medical Informatics Association}
}


@article{botsis2010secondary,
  title={Secondary use of EHR: data quality issues and informatics opportunities},
  author={Botsis, Taxiarchis and Hartvigsen, Gunnar and Chen, Fei and Weng, Chunhua},
  journal={Summit on Translational Bioinformatics},
  volume={2010},
  pages={1},
  year={2010},
  publisher={American Medical Informatics Association}
}

@inproceedings{guthrie2006closer,
  title={A closer look at skip-gram modelling},
  author={Guthrie, David and Allison, Ben and Liu, Wei and Guthrie, Louise and Wilks, Yorick},
  booktitle={Proceedings of the 5th international Conference on Language Resources and Evaluation (LREC-2006)},
  pages={1--4},
  year={2006},
  organization={sn}
}

@article{goldberg2017neural,
  title={Neural network methods for natural language processing},
  author={Goldberg, Yoav},
  journal={Synthesis Lectures on Human Language Technologies},
  volume={10},
  number={1},
  pages={1--309},
  year={2017},
  publisher={Morgan \& Claypool Publishers}
}

@inproceedings{sundermeyer2012lstm,
  title={LSTM neural networks for language modeling},
  author={Sundermeyer, Martin and Schl{\"u}ter, Ralf and Ney, Hermann},
  booktitle={Thirteenth Annual Conference of the International Speech Communication Association},
  year={2012}
}

@article{gehrmann2018comparing,
  title={Comparing deep learning and concept extraction based methods for patient phenotyping from clinical narratives},
  author={Gehrmann, Sebastian and Dernoncourt, Franck and Li, Yeran and Carlson, Eric T and Wu, Joy T and Welt, Jonathan and Foote Jr, John and Moseley, Edward T and Grant, David W and Tyler, Patrick D and others},
  journal={PloS one},
  volume={13},
  number={2},
  pages={e0192360},
  year={2018},
  publisher={Public Library of Science}
}

@article{geraci2017applying,
  title={Applying deep neural networks to unstructured text notes in electronic medical records for phenotyping youth depression},
  author={Geraci, Joseph and Wilansky, Pamela and de Luca, Vincenzo and Roy, Anvesh and Kennedy, James L and Strauss, John},
  journal={Evidence-based mental health},
  volume={20},
  number={3},
  pages={83--87},
  year={2017},
  publisher={Royal College of Psychiatrists}
}

@article{yao2016convolutional,
  title={A convolutional neural network model for online medical guidance},
  author={Yao, Cuili and Qu, Yue and Jin, Bo and Guo, Li and Li, Chao and Cui, Wenjuan and Feng, Lin},
  journal={IEEE Access},
  volume={4},
  pages={4094--4103},
  year={2016},
  publisher={IEEE}
}

@article{kim2014convolutional,
  title={Convolutional neural networks for sentence classification},
  author={Kim, Yoon},
  journal={arXiv preprint arXiv:1408.5882},
  year={2014}
}

@article{miotto2016deep,
  title={Deep patient: an unsupervised representation to predict the future of patients from the electronic health records},
  author={Miotto, Riccardo and Li, Li and Kidd, Brian A and Dudley, Joel T},
  journal={Scientific reports},
  volume={6},
  pages={26094},
  year={2016},
  publisher={Nature Publishing Group}
}







@article{vijayarani2015kidney,
  title={KIDNEY DISEASE PREDICTION USING SVM AND ANN ALGORITHMS‖},
  author={Vijayarani, S and Dhayanand, Mr S and Phil, M},
  journal={International Journal of Computing and Business Research (IJCBR) ISSN (Online)},
  pages={2229--6166},
  year={2015}
}

@article{kalchbrenner2014convolutional,
  title={A convolutional neural network for modelling sentences},
  author={Kalchbrenner, Nal and Grefenstette, Edward and Blunsom, Phil},
  journal={arXiv preprint arXiv:1404.2188},
  year={2014}
}

@article{hsieh2012intelligent,
  title={Intelligent postoperative morbidity prediction of heart disease using artificial intelligence techniques},
  author={Hsieh, Nan-Chen and Hung, Lun-Ping and Shih, Chun-Che and Keh, Huan-Chao and Chan, Chien-Hui},
  journal={Journal of medical systems},
  volume={36},
  number={3},
  pages={1809--1820},
  year={2012},
  publisher={Springer}
}

@article{lu2015predicting,
  title={Predicting long-term outcome after traumatic brain injury using repeated measurements of Glasgow coma scale and data mining methods},
  author={Lu, Hsueh-Yi and Li, Tzu-Chi and Tu, Yong-Kwang and Tsai, Jui-Chang and Lai, Hong-Shiee and Kuo, Lu-Ting},
  journal={Journal of medical systems},
  volume={39},
  number={2},
  pages={1--10},
  year={2015},
  publisher={Springer}
}



@article{elkin2005controlled,
  title={A controlled trial of automated classification of negation from clinical notes},
  author={Elkin, Peter L and Brown, Steven H and Bauer, Brent A and Husser, Casey S and Carruth, William and Bergstrom, Larry R and Wahner-Roedler, Dietlind L},
  journal={BMC medical informatics and decision making},
  volume={5},
  number={1},
  pages={13},
  year={2005},
  publisher={BioMed Central Ltd}
}



@inproceedings{tsujii2011computational,
  title={Computational linguistics and natural language processing},
  author={Tsujii, Jun’ichi},
  booktitle={International Conference on Intelligent Text Processing and Computational Linguistics},
  pages={52--67},
  year={2011},
  organization={Springer}
}


@inproceedings{duncan,
  title={Retrieval and Clustering of Medicines Within Healthcare Data Records},
  author={Wallace, Duncan and Kechadi, Tahar},
  year={2016},
  organization={ACM}
}


@article{zhang2010understanding,
  title={Understanding bag-of-words model: a statistical framework},
  author={Zhang, Yin and Jin, Rong and Zhou, Zhi-Hua},
  journal={International Journal of Machine Learning and Cybernetics},
  volume={1},
  number={1-4},
  pages={43--52},
  year={2010},
  publisher={Springer}
}

@article{lees1957syntactic,
  title={Syntactic Structures},
  author={Lees, Robert B and Chomsky, N},
  journal={Language},
  volume={33},
  number={3  Part 1},
  pages={375--408},
  year={1957}
}

@article{figueiredo2011word,
  title={Word co-occurrence features for text classification},
  author={Figueiredo, F{\'a}bio and Rocha, Leonardo and Couto, Thierson and Salles, Thiago and Gon{\c{c}}alves, Marcos Andr{\'e} and Meira Jr, Wagner},
  journal={Information Systems},
  volume={36},
  number={5},
  pages={843--858},
  year={2011},
  publisher={Elsevier}
}

@article{gruber1993ontology,
  title={What is an Ontology},
  author={Gruber, Tom},
  journal={WWW Site http://www-ksl. stanford. edu/kst/whatis-an-ontology. html (accessed on 07-09-2004)},
  year={1993}
}


@inproceedings{zuccon2012exploiting,
  title={Exploiting medical hierarchies for concept-based information retrieval},
  author={Zuccon, Guido and Koopman, Bevan and Nguyen, Anthony and Vickers, Deanne and Butt, Luke},
  booktitle={Proceedings of the Seventeenth Australasian Document Computing Symposium},
  pages={111--114},
  year={2012},
  organization={ACM}
}

@article{hearst2003simple,
  title={A simple algorithm for identifying abbreviation definitions in biomedical text},
  author={Hearst, MAAS Schwartz},
  year={2003}
}


@article{norvig2007write,
  title={How to write a spelling corrector},
  author={Norvig, Peter},
  journal={Online at: http://norvig. com/spell-correct. html},
  year={2007}
}

@article{anholt2014mining,
  title={Mining free-text medical records for companion animal enteric syndrome surveillance},
  author={Anholt, R Michele and Berezowski, John and Jamal, Iqbal and Ribble, Carl and Stephen, Craig},
  journal={Preventive veterinary medicine},
  volume={113},
  number={4},
  pages={417--422},
  year={2014},
  publisher={Elsevier}
}

@article{flarup2014chronic,
  title={Chronic-disease patients and their use of out-of-hours primary health care: a cross-sectional study},
  author={Flarup, Lone and Moth, Grete and Christensen, Morten Bondo and Vestergaard, Mogens and Olesen, Frede and Vedsted, Peter},
  journal={BMC family practice},
  volume={15},
  number={1},
  pages={1},
  year={2014},
  publisher={BioMed Central}
}

@article{den2009frequent,
  title={Frequent attendance of primary care out-of-hours services in the Netherlands: characteristics of patients and presented morbidity},
  author={den Boer-Wolters, Dianne and Knol, Mirjam J and Smulders, Kien and de Wit, Niek J},
  journal={Family practice},
  pages={cmp103},
  year={2009},
  publisher={Oxford Univ Press}
}

@article{rink2011automatic,
  title={Automatic extraction of relations between medical concepts in clinical texts},
  author={Rink, Bryan and Harabagiu, Sanda and Roberts, Kirk},
  journal={Journal of the American Medical Informatics Association},
  volume={18},
  number={5},
  pages={594--600},
  year={2011},
  publisher={The Oxford University Press}
}

@inproceedings{finch2014tagline,
  title={TagLine: Information Extraction for Semi-Structured Text in Medical Progress Notes},
  author={Finch, Dezon K and McCart, James A and Luther, Stephen L},
  booktitle={AMIA Annual Symposium Proceedings},
  volume={2014},
  pages={534},
  year={2014},
  organization={American Medical Informatics Association}
}

@article{muzaffar2015relation,
  title={A Relation Extraction Framework for Biomedical Text Using Hybrid Feature Set},
  author={Muzaffar, Abdul Wahab and Azam, Farooque and Qamar, Usman},
  journal={Computational and mathematical methods in medicine},
  volume={2015},
  year={2015},
  publisher={Hindawi Publishing Corporation}
}

@article{jiang2010text,
  title={Text classification using graph mining-based feature extraction},
  author={Jiang, Chuntao and Coenen, Frans and Sanderson, Robert and Zito, Michele},
  journal={Knowledge-Based Systems},
  volume={23},
  number={4},
  pages={302--308},
  year={2010},
  publisher={Elsevier}
}

@article{chen2009feature,
  title={Feature selection for text classification with Na{\"\i}ve Bayes},
  author={Chen, Jingnian and Huang, Houkuan and Tian, Shengfeng and Qu, Youli},
  journal={Expert Systems with Applications},
  volume={36},
  number={3},
  pages={5432--5435},
  year={2009},
  publisher={Elsevier}
}

@article{meijer2014semantic,
  title={A semantic approach for extracting domain taxonomies from text},
  author={Meijer, Kevin and Frasincar, Flavius and Hogenboom, Frederik},
  journal={Decision Support Systems},
  volume={62},
  pages={78--93},
  year={2014},
  publisher={Elsevier}
}

@inproceedings{ganesan2014general,
  title={A general supervised approach to segmentation of clinical texts},
  author={Ganesan, Kavita and Subotin, Michael},
  booktitle={Big Data (Big Data), 2014 IEEE International Conference on},
  pages={33--40},
  year={2014},
  organization={IEEE}
}


@article{nair2014survey,
  title={A Survey on Medical Text Mining},
  author={Nair, Revathi M and Sindhu, L},
  journal={International Journal of Computer Applications},
  volume={108},
  number={15},
  year={2014},
  publisher={Foundation of Computer Science}
}

@inproceedings{prakash2014mining,
  title={Mining semantic representation from medical text: A Bayesian approach},
  author={Prakash, G and Patric, Bino and Jacob, Shomona Gracia and Radhameena, S},
  booktitle={Recent Trends in Information Technology (ICRTIT), 2014 International Conference on},
  pages={1--4},
  year={2014},
  organization={IEEE}
}

@phdthesis{fahey2012obstacles,
  title={The Obstacles and Enablers to implementing a Patient Held Prescribing Record in Ireland},
  author={Fahey, Paul},
  year={2012},
  school={University of Dublin}
}


@article{bogan2010connected,
  title={Connected Health in Ireland: An All-Island Review},
  author={Bogan, D and Spence, J and Donnelly, P},
  journal={BioBusiness, Dublin, Rep. 1109CHREP},
  year={2010}
}



@article{peek2015artificial,
  title={Artificial Intelligence in Medicine AIME 2013},
  author={Peek, Niels and Morales, Roque Mar{\'\i}n and Peleg, Mor},
  journal={Artificial intelligence in medicine},
  volume={65},
  number={1},
  pages={1--3},
  year={2015},
  publisher={Elsevier}
}


@INPROCEEDINGS{Sudipto-01,
author = {Author},
title = {Placeholder},
 booktitle = {title},
 volume={1},
year = {2000},
pages={1-2},
month={1 January},
publisher = {name}

}




@inproceedings{Chan-95,
    Author = {Chan,  P.K. and Stolfo, S.J. },
	Booktitle = {12th International Conference on Machine Learning},
	Date-Added = {2012-04-12 15:52:35 +0000},
	Date-Modified = {2012-04-12 15:55:21 +0000},
	Pages = {90-98},
	Title = {A Comparative Evaluation of Voting and Meta-learning on Partitioned Data},
	Year = {1995}}

@book{Reeves-93,
	Author = {Reeves, C.R.},
	Date-Added = {2012-04-12 15:50:57 +0000},
	Date-Modified = {2012-04-12 16:21:54 +0000},
	Publisher = {John Wiley \& Sons, Inc. New York, NY, USA},
	Title = {Modern heuristic techniques for combinatorial problems},
	Year = {1993}}

@book{Gen-08,
	Author = {Gen, M. and Cheng, R. and Lin, L.},
	Date-Added = {2012-04-12 15:41:30 +0000},
	Date-Modified = {2012-04-12 15:45:16 +0000},
	Publisher = {Springer},
	Title = {Network Models and Optimization: Multiobjective Genetic Algorithm Approach},
	Year = {2008}}

@inproceedings{Kodratoff-97,
	Author = {Kodratoff, Y.},
	Booktitle = {LNAI on Algorithmic Learning Theory, K. Jantke, and T. Shinohara, T.  and Zeugmann (Eds.)},
	Date-Added = {2012-04-12 15:31:01 +0000},
	Date-Modified = {2012-04-12 17:00:42 +0000},
	Pages = {261-265},
	Publisher = {Springer Verlag},
	Title = {Technical and  Scientific Issues of KDD (or: is KDD a Science?)},
	Volume = {997},
	Year = {1997}}

@book{Bedrouni-09,
	Author = {Abdellah Bedrouni, A. and Mittu, M. and Boukhtouta, A. and Berger, J.},
	Date-Added = {2012-04-11 23:11:44 +0000},
	Date-Modified = {2012-04-11 23:13:56 +0000},
	Publisher = {Springer},
	Title = {Distributed Intelligent Systems: A Coordination Perspective},
	Year = {2009}}

@book{Han-06,
	Author = {Han, J. and Kamber, M.},
	Date-Added = {2012-04-11 23:05:38 +0000},
	Date-Modified = {2012-04-11 23:09:54 +0000},
	Edition = {2nd},
	Publisher = {Morgan Kaufmann Publisher},
	Title = {Data Mining: Concepts and Techniques},
	Year = {2006}}

@article{Aouad-07,
	Author = {Aouad, L. and Le-Khac, N.A. and Kechadi, M-T.},
	Date-Added = {2012-04-11 09:43:24 +0000},
	Date-Modified = {2012-04-11 09:45:04 +0000},
	Journal = {LNCS on advances in data mining -- theoretical aspects and applications},
	Pages = {120-134},
	Title = {Lightweight clustering technique for distributed data mining applications},
	Volume = {4597},
	Year = {2007}}

@inproceedings{Dmitri-99a,
	Address = {Moscow, Russia},
	Author = {Dmitri Soshnikov.},
	Booktitle = {Workshop on Computer Science and Information Technologies},
	Date-Added = {2012-04-11 09:32:49 +0000},
	Date-Modified = {2012-04-11 09:36:27 +0000},
	Title = {An Approach for Creating Distributed Intelligent Systems},
	Year = {1999}}

@article{Akin-09,
	Author = {Aydin, I. and Karakose, M., Akin, E.},
	Date-Added = {2012-04-11 09:30:36 +0000},
	Date-Modified = {2012-04-11 09:31:51 +0000},
	Journal = {World Academy of Science, Engineering and Technology},
	Title = {The Prediction Algorithm Based on Fuzzy Logic Using Time Series Data Mining Method},
	Volume = {51},
	Year = {2009}}

@article{Khan-08,
	Author = {Khan, F.S. and Anwer, R.M. and Torgersson, O. and Falkman, G.},
	Date-Added = {2012-04-11 09:27:00 +0000},
	Date-Modified = {2012-04-11 09:28:41 +0000},
	Journal = {World Academy of Science, Engineering and Technology},
	Title = {Data Mining in Oral Medicine Using Decision Trees},
	Volume = {37},
	Year = {2008}}

@inproceedings{Olaizola-09,
	Address = {San Sebastian, Spain.},
	Author = {Olaizola, I.G. and Aginako, N. and Labayen, M.},
	Booktitle = {4th International Workshop on Semantic Media Adaptation and Personalization (SMAP 09)},
	Date-Added = {2012-04-11 09:07:15 +0000},
	Date-Modified = {2012-04-11 09:10:49 +0000},
	Month = {December 14-15},
	Pages = {89 - 94 89-94},
	Title = {Image Analysis Platform for Data Management in the Meteorological Domain},
	Year = {2009}}

@inbook{Koval-05,
	Author = {Kovalerchuk, B. and Vityaev, E.},
	Chapter = {Data Mining for Financial Applications},
	Date-Added = {2012-04-11 08:59:35 +0000},
	Date-Modified = {2012-04-12 16:21:25 +0000},
	Publisher = {Springer US, (O. Maimon and L. Rokach, Eds)},
	Title = {Data Mining and Knowledge Discovery Handbook},
	Year = {2005}}

@article{Aouad-09a,
	Author = {Aouad, L. and Le-Khac, N-A. and Kechadi, M-T.},
	Date-Added = {2012-04-11 08:11:06 +0000},
	Date-Modified = {2012-04-12 16:19:29 +0000},
	Journal = {Journal of Algorithms and Computational Technology, Multi-Science Publishing},
	Title = {Grid-based Approaches for Distributed Data Mining Applications},
	Year = {2009}}

@article{Aouad-09b,
	Author = {Aouad, L. and Le-Khac, N-A. and Kechadi, M-T.},
	Date-Added = {2012-04-11 08:13:49 +0000},
	Date-Modified = {2012-04-11 08:14:45 +0000},
	Journal = {Journal of Knowledge and Information Systems},
	Title = {Performance Study of a Distributed Apriori-like Frequent Itemsets Mining Technique},
	Year = {2009}}

@article{Bertolotto-07,
	Author = {Bertolotto, M. and Di Martino, S. and Ferrucci, F. and Kechadi, M-T.},
	Date-Added = {2012-04-11 08:48:01 +0000},
	Date-Modified = {2012-04-11 08:49:26 +0000},
	Journal = {International Journal of Geographical Information Science},
	Number = {8},
	Pages = {895-906},
	Title = {Towards a Framework for Mining and Analysing Spatio-Temporal Datasets},
	Volume = {21},
	Year = {2007}}

@article{Compieta-07,
	Author = {Compieta, P. and Di Martino, S. and Bertolotto, M. and Kechadi, M-T.},
	Date-Added = {2012-04-11 08:46:16 +0000},
	Date-Modified = {2012-04-11 08:47:32 +0000},
	Journal = {Journal of Visual Languages and Computing},
	Number = {3},
	Pages = {255-279},
	Title = {Exploratory Spatio-Temporal Data Mining and Visualization},
	Volume = {18},
	Year = {2007}}

@article{Lekhac-08,
	Author = {Le-Khac, N-A. and Aouad, L. and Kechadi, M-T.},
	Date-Added = {2012-04-11 08:15:22 +0000},
	Date-Modified = {2012-04-11 08:17:00 +0000},
	Journal = {Journal of ISAST Transactions on Intelligent Systems},
	Number = {1},
	Title = {Knowledge Map Layer for Distributed Data Mining},
	Volume = {1},
	Year = {2008}}

@inproceedings{Whelan-011,
	Author = {Whelan, M. and Le Khac, N-A. and Kechadi, M-T.},
	Booktitle = {in Proc. of International Conference on Information and Knowledge Engineering},
	Date-Added = {2012-04-11 08:50:18 +0000},
	Date-Modified = {2012-04-11 08:52:23 +0000},
	Month = {July 18-21},
	Title = {Performance Evaluation of a Density-based Clustering Method for Reducing Very Large Spatio-temporal Dataset},
	Year = {2011}}
  
   
   @inbook{Han-06a,
    Author = {Jiawei Han, Micheline Kamber.},
    Chapter = {Introduction},
    Date-Added = {2012-04-12 15:50:57 +0000},
    Date-Modified = {2012-04-12 16:21:54 +0000},
	 Edition = {2nd},
    Publisher = {Elsevier, Diane Cerra, San Francisco, CA 94111 },
	Title = {Data Mining: Concepts and Techniques},
    booktitle = {},
	Year = {2006}}
    
    
    @INPROCEEDINGS{Aouad-07s,
   	Author = {L. Aouad, N. Le-Khac and T. Kechadi.},
	Booktitle = {7th Industrial Conference, ICDM 2007, Leipzig, Germany, July 14-18, 2007. Proceedings},
	Date-Added = {2012-04-11 09:07:15 +0000},
	Date-Modified = {2012-04-11 09:10:49 +0000},
    Publisher = {Springer Berlin Heidelberg },
	Title = {Image Analysis Platform for Data Management in the Meteorological Domain},
    booktitle = {},
    Volume = {4597},
    Pages = {120-134},
	Year = {2007}}

@INPROCEEDINGS{Hoon-02,
    Author = {Byung-Hoon Park and Hillol Kargupta},
    Date-Added = {2012-04-11 08:15:22 +0000},
	Date-Modified = {2012-04-11 08:17:00 +0000},
    title = {Distributed Data Mining: Algorithms, Systems, and Applications},
    booktitle = {},
    pages = {341-358},
    year = {2002}}

@article{Mokeddem-07,
	Author = { Mokeddem Djamila, Belbachir Hafida},
	Date-Added = {2012-04-11 09:43:24 +0000},
	Date-Modified = {2012-04-11 09:45:04 +0000},
	Journal = {RIST ISSN  1111-0015},
	Title = {Utilisation des Méthodes d'Apprentissage Ensembliste dans le Datamining Distribué},
	Volume = {17},
	Year = {2007}}   
  
    
@article{Soshnikov-99,
    Author = {Dmitri Soshnikov},
    Adress = {Technical University,  Moscow, Russia},
    Date-Added = {2012-04-11 08:15:22 +0000},
	Date-Modified = {2012-04-11 08:17:00 +0000},
	Title = {An Approach for Creating Distributed Intelligent Systems},
	Year = {1999}}
    
    
    
    @thesis{Baujard-92,
    Author = {Olivier Baujard },
    Adress = {Laboratoire TIM3-ISR B 00690-Institut IMAG},
    Chapter = {Chapitre 1: Etat de l'art},
    Date-Added = {2012-04-11 08:15:22 +0000},
    Date-Modified = {2012-04-11 08:17:00 +0000},
	Title = {Conception d'un environnement de développement pour la résolution de problèmes: Apport de l'Intelligence Artificielle Distribuée et Application à la  Vision},
    Pages = {13-27},
    Month = {October 12.},
	Year = {1992}}
    
    @article{van-08,
    Author = { Wiebe van der Hoek, Michael Wooldridge},
    chapter = {Chapter 24: Multi-Agent Systems},
    Date-Added = {2012-04-11 08:15:22 +0000},
    Date-Modified = {2012-04-11 08:17:00 +0000},
    Journal = {Journal of ELSEVIER},
	Title = {Foundations of Artificial Intelligence},
	Volume = {3},
     Pages = {887–928},
	Year = {2008}}


    @article{Zeitouni-99,
    Author = { Karine Zeitouni,  Laurent Yeh},
    Date-Added = {2012-04-11 08:15:22 +0000},
    Date-Modified = {2012-04-11 08:17:00 +0000},
    Revue = { Revue internationale de géomatique },
	Title = { Le Data Mining Spatial et les bases de données spatiales},
	Volume = {9},
    Pages = {389-423},
	Year = {1999}}


    @inbook {Zaki-00,
    Author = {Mohammed J. Zaki },
    Chapter = {Parallel and Distributed Data Mining: An Introduction},
    Date-Added = {2012-04-11 08:15:22 +0000},
    Date-Modified = {2012-04-11 08:17:00 +0000},
	Year = {2000}}

    @inbook{Nussbaum-08,
    Author = {Lucas Nussbaum},
    Adress = {Université Joseph-Fourier - Grenoble I},
    Date-Added = {2012-04-11 08:15:22 +0000},
    Date-Modified = {2012-04-11 08:17:00 +0000},
    Month = {December 04},
    Title = { Contributions à l'expérimentation sur les systèmes distribués de grande taille},
    Year = {2008}}

    @inbook {Alanko-06,
    Author = { Timo Alanko },
    Chapter = { Chapter 1. Characterization of Distributed Systems},
    Publisher = {Spring },
    Title = { Distributed Systems},
    Date-Added = {2012-04-11 08:15:22 +0000},
    Date-Modified = {2012-04-11 08:17:00 +0000},
	Year = {2006}}




   @INPROCEEDINGS{Zhang-96 ,
    Author = { Tian Zhang, Raghu Ramakrishnan, Miron Livny.},
    Booktitle = { SIGMOD '96 Proceedings of the 1996 ACM SIGMOD international conference on Management       of data },
    Date-Added = {2012-04-11 08:15:22 +0000},
    Date-Modified = {2012-04-11 08:17:00 +0000},
    title = { BIRCH: An Efficient Data Clustering Method for Very Large Databases },
    volume = {25},
    pages = { 103-114 },
    year = {1996}}
    

    @article{Jain-99,
    Author = { A. K. Jain, M. N. Murty, P. J. Flynn.},
    Date-Added = {2012-04-11 08:15:22 +0000},
    Date-Modified = {2012-04-11 08:17:00 +0000},
    journal = {ACM Computing Surveys (CSUR)},
	Title = {Data clustering: a review},
	Volume = {31},
     Pages = {264-323 },
	Year = {1999}}


    @article{Chaib-draa-01,
    Author = { B. Chaib-draa, I. Jarras et B. Moulin.},
    Adress = { Université Laval, Ste-Foy, PQ, Canada },
    Date-Added = {2012-04-11 08:15:22 +0000},
    Date-Modified = {2012-04-11 08:17:00 +0000},
    journal = {J. P. Briot et Y. Demazeau. « Agent et systèmes multiagents »},
    Title = {Systèmes multiagents : Principes généraux et applications},
     Year = {2001}}

    @article{Maclin-99,
    Author = {R. Maclin, D. Opitz.},
    Date-Added = {2012-04-11 08:15:22 +0000},
    Date-Modified = {2012-04-11 08:17:00 +0000},
    journal = {Journal Of Artificial Intelligence Research},
    volume = {11},
    pages = {169-198},
    Title = {Popular Ensemble Methods: An Empirical Study},
    Year = {1999}}

   @article{Bauer-99,
   Author = { Eric Bauer,  Ron Kohavi.},
   Journal = {springer Link:Machine Learning },
   Publisher = { Kluwer Academic Publishers},
   volume = {36},
   pages = {105-139},
   Title = { An Empirical Comparison of Voting Classification Algorithms: Bagging, Boosting, and      Variants},
   Year = {1999}}
   
   
   @inbook{ Wijngaards-02,
   Author = {  N.J.E. Wijngaards, ,  B.J. Overeinder,  M. van Steen, F.M.T. Brazier},
   Booktitle = {Data & Knowledge Engineering},
   Journal =  {ELSEVIER },
   volume = {41},
   Month = {June},
   pages = {229–245},
   Title = { Supporting Internet-scale multi-agent systems},
   Year = {2002}}

  @inbook{Phillip-01,
  Author = {Phillip J. Turner, Nicholas R. Jennings },
  Booktitle = {Infrastructure for Agents, Multi-Agent Systems, and Scalable Multi-Agent Systems},
  Publisher = {Springer Berlin Heidelberg},
  volume = {1887},
  pages = {246-262 },
  Title = { Improving the Scalability of Multi-agent Systems},
   Year = {2001}}


  @article{N-A-10,
  title = {A knowledgebased data reduction for very large spatio-temporal datasets},
  author = {N-A. Le Khac and  M. Bue and  M. Whelan and M-T.Kechadi},
  Journal= {International Conference on Advanced Data Mining and Applications, (ADMA’2010)},
  Publisher = {Springer Verlag LNCS/LNAI},
  year = {2010},
  month = {19-21 November}
  }
  
  
@article{Januzaj-04,
title = {DBDC: Density-Based Distributed Clustering},
author = {E. Januzaj and  H-P. Kriegel and  M. Pfeifle},
journal = {8th European Conference on Principles and Practice of Knowledge Discovery in Databases (PKDD) Pisa, 231-244, Italy},
volume={2992},
year = {2004},
pages = {88-105}
}



@article{Laloux-11,
title = {Efficient Distributed Approach for Density-Based Clustering},
author = {J-F Laloux and  Le-Khac and M-T. Kechadi},
journal = {Enabling Technologies: Infrastructure for Collaborative Enterprises (WETICE), 20th IEEE International Workshops},
year = {2011},
pages = {145 - 150},
month = {  27-29 June}
}


@book{M.J-04,
author = {M.J. Fadilia and M. Melkemib and  A. ElMoataza},
title = {Pattern Recognition Letters:Non-convex onion-peeling using a shape hull algorithm },
year = {2004},
publisher = {ELSEVIER},
month= {15 October},
volume = {24},
 pages = {1577–1585}

}

@article{A.Ray-97,
title = {A Novel Approach to Computation of the Shape of a Dot Pattern and Extraction of Its Perceptual Border},
author = {A.Ray Chaudhuri and  B.B. Chaudhuri  and S.K. Parui },
Journal= {Computer vision and Image Understranding},
volume = {68},
year = {1997},
pages = {257 - 275},
 month = {03 December}
}



 @article{M.Melkemi-00,
title = {Computing the shape of a planar points set},
author = {Mahmoud Melkemi and  Mourad Djebali }, 
Journal={Elsevier Science},
volume = {33},
year = {2000},
pages = {1423–1436},
month = {9 September}
}



 @article{Edelsbrunner-83,
title = {On the Shape of a Set of Points in the Plane},
author = { Edelsbrunner and  David G. Kirkpatrick And Raimund Seidel}, 
Journal = {IEEE Transaction on Information Theory},
volume = {29},
year = {1983},
month = {July}
}


 @article{M.Duckhama-08,
title = {Efficient generation of simple polygons for characterizing the shape of a set of points in the plane},
author = {Matt Duckhama and  Lars Kulikb and  Mike Worboysc and  Antony Galtond},
Journal= {Elsevier Science Inc. New York, NY, USA },
volume = {41},
year = {2008},
pages = {3224-3236},
month = {15 March}
}



@INPROCEEDINGS{Tian-96,
    author = {Tian Zhang, and  Raghu Ramakrishnan and Miron Livny},
    title = {Birch: An efficient data clustering method for very large databases},
     booktitle = {SIGMOD '96 Proceedings of the 1996 ACM SIGMOD international conference on Management of data},
     volume = {25},
    year = {1996},
    pages = {103-114},
    publisher = {ACM New York, NY, USA}
}


@INPROCEEDINGS{L.Aouad3-07,
    author = {L. Aouad and  N.A. Le-Khac and M-T. Kechadi},
    title = {Lightweight clustering technique for distributed data mining applications},
    booktitle = {Advances in Data Mining. Theoretical Aspects and Applications, Germany},
    year = {2007},
    pages = { 120-134},
    publisher = {Springer Berlin Heidelberg}
}

@INPROCEEDINGS{Dhillon-99,
    author = {Inderjit Dhillon and Dharmendra Modha},
    title = {A Data-Clustering Algorithm on Distributed Memory Multiprocessor},
    booktitle = {large-Scale Parallel Data Mining, Workshop on Large-Scale Parallel           KDD Systems, SIGKDD},
    year = {1999},
    pages = {  245-260 },
    publisher = {Springer-Verlag London, UK}
}

@INPROCEEDINGS{Ester-96,
    author = {Martin Ester and Hans-peter Kriegel and Jörg S and Xiaowei Xu},
    title = {A density-based algorithm for discovering clusters in large spatial databases with noise},
    booktitle = {},
    year = {1996},
    pages = {226--231},
    publisher = {AAAI Press}
}




@article{Garg-06,
title = {PBIRCH: A Scalable Parallel Clustering algorithm for Incremental Data},
author = { Garg and  Mangla and  Bhatnagar and Gupta},
Journal = {Database Engineering and Applications Symposium. IDEAS '06. 10th International, Delhi},
publisher = {IEEE},
year = {2006},
pages = {315-316}
}


@INPROCEEDINGS{H.Geng-05,
    author = {H.Geng and Omaha and Xutao Deng},
    title = {A New Clustering Algorithm Using Message Passing and its Applications in Analyzing Microarray Data},
    booktitle = {ICMLA '05 Proceedings of the Fourth International Conference on Machine Learning and Applications},
    year = {2005},
    pages = {145–150},
    month = {15-17 December},
    publisher = {IEEE}
}




@INPROCEEDINGS{Inderjit-00,
    author = {Inderjit D. Dhillon and Dharmendra S. Modha},
    title = {A Data-Clustering Algorithm on Distributed Memory Multiprocessors},
    booktitle = {Large-Scale Parallel Data Mining},
    year = {2000},
    pages = {245-260},
    publisher = {Springer Berlin Heidelberg}
}


 @article{Xu-99,
title = {A Fast Parallel Clustering Algorithm for Large Spatial Databases},
author = {Xiaowei Xu and  Jochen Jäger and Hans-Peter Kriegel }, 
Journal={Data Mining and Knowledge Discovery archive},
volume = {3},
year = {1999},
pages = {263 - 290},
month = {September}
}

@book{L.Aouad1-07,
author = {L. Aouad and  N-A. Le-Khac and M-T. Kechadi},
title = { Advances in Data Mining. Theoretical Aspects and Applications},
year = {2007},
publisher = {Springer Berlin Heidelberg, Germany},
page = {120-134},
month= {14-18 July}
}


 










% ------------------------------------------------------------------------
% SAMPLE BIBLIOGRAPHY FILE
% ------------------------------------------------------------------------
@misc{cve-2008-1368,
  key =          {CVE-2008-1368},
  title =        {Publication quality tables in \LaTeX*},
  howpublished = {},
  institution  = {NIST},
  day =       17,
  month =     {March},
  year =         2008,
  note =         {[online] \url{http://nvd.nist.gov/nvd.cfm?cvename=CVE-2008-1368}},
  url = {http://nvd.nist.gov/nvd.cfm?cvename=CVE-2008-1368}
}

@MISC{prime-number-theorem,
   author = "Charles Louis Xavier Joseph de la Vall{\'e}e Poussin",
   note = "A strong form of the prime number theorem, 19th century" }

% ------------------------------------------------------------------------

@BOOK{texbook,
   author = "Donald E. Knuth",
   title= "The {{\TeX}book}",
   publisher = "Addison-Wesley",
   year = 1984 }

@BOOK{latex,
   author = "Leslie Lamport",
   title = "{\LaTeX:} {A} Document Preparation System",
   publisher = "Addison-Wesley",
   year = 1986 }

% ------------------------------------------------------------------------
@article{Ancey1996,
author = {Ancey, Christophe and Coussot, Philippe and Evesque, Pierre},
journal = {Mechanics of Cohesive-frictional Materials},
number = {4},
pages = {385--403},
title = {Examination of the possibility of a fluid-mechanics treatment of dense granular flows},
url = {http://doi.wiley.com/10.1002/(SICI)1099-1484(199610)1:4<385::AID-CFM20>3.0.CO;2-0},
volume = {1},
year = {1996}
}

@BOOK{RR73,
 author={H. Radjavi and P. Rosenthal},
 title={Invariant {Subspaces}},
 publisher={Springer-Verlag},
 address={New York},
 year={1973},
}

@BOOK{Aup91,
 author={B. Aupetit},
 title={A {Primer} on {Spectral} {Theory}},
 publisher={Springer-Verlag},
 address={New York},
 year={1991},
}

@BOOK{Dou72,
 author={R. G. Douglas},
 title={Banach {Algebra} {Techniques} in {Operator} {Theory}},
 publisher={Academic Press},
 address={New York},
 year={1972},
}

@BOOK{Hal82,
 author={P. R. Halmos},
 title={A {Hilbert} {Space} {Problem} {Book}},
 edition={Second},
 publisher={Springer-Verlag},
 address={New York},
 year={1982},
}

@BOOK{Rud73,
 author={W. Rudin},
 title={Functional {Analysis}},
 publisher={McGraw-Hill},
 address={New York},
 year={1973},
}

@BOOK{Con90,
 author={J. B. Conway},
 title={A {Course} in {Functional} {Analysis}},
 edition={Second},
 publisher={Springer-Verlag},
 address={New York},
 year={1990},
}

@BOOK{Con78,
 author={J. B. Conway},
 title={Functions of {One} {Complex} {Variable}},
 publisher={Springer-Verlag},
 address={New York},
 year={1978},
}

@BOOK{KR83,
 author={R. V. Kadison and J. R. Ringrose},
 title={Fundamentals of the {Theory} of {Operator} {Algebras},
        {Part} {I}},
 publisher={Academic Press},
 address={New York},
 year={1983},
}

@BOOK{KR86,
 author={R. V. Kadison and J. R. Ringrose},
 title={Fundamentals of the {Theory} of {Operator} {Algebras},
        {Part} {II}},
 publisher={Academic Press},
 address={New York},
 year={1986},
}

@INBOOK{SFPT,
 author={N. Dunford and J. T. Schwartz},
 title={Linear {Operators},
        {Part} {I}: {General} {Theory}},
 pages={456},
 publisher={Interscience},
 address={New York},
 year={1957},
}

@BOOK{DS57,
 author={N. Dunford and J. T. Schwartz},
 title={Linear {Operators},
        {Part} {I}: {General} {Theory}},
 publisher={Interscience},
 address={New York},
 year={1957},
}

@BOOK{Gan59,
 author={F. R. Gantmacher},
 title={Applications of the {Theory} of {Matrices}},
 publisher={Interscience},
 address={New York},
 year={1959},
}

@BOOK{Pau86,
 author={Vern I. Paulsen},
 title={Completely bounded maps and dilations},
 series={Pitman Research Notes in Mathematics Series},
 volume={146},
 publisher={Longman Scientific \& Technical},
 address={Harlow UK},
 year={1986},
}

@BOOK{Dav88,
 author={Kenneth R. Davidson},
 title={Nest algebras},
 series={Pitman Research Notes in Mathematics Series},
 volume={191},
 publisher={Longman Scientific \& Technical},
 address={Harlow UK},
 year={1988},
}

@BOOK{Spi65,
 author={Michael Spivak},
 title={Calculus on {Manifolds}},
 publisher={The Benjamin/Cummings Publishing Company},
 address={New York},
 year={1965},
}

@BOOK{Dev68,
 author={Allen Devinaz},
 title={Advanced {Calculus}},
 publisher={Holt, Rinehart and Winston},
 address={New York},
 year={1968},
}

@BOOK{Gam90,
 editor={R. V. Gamkerlidze},
 title={Analysis {I}{I}: {Convex} {Analysis} and
        {Approximation} {Theory}},
 series={Encyclopaedia of Mathematical Sciences},
 volume={14},
 publisher={Springer-Verlag},
 address={New York},
 year={1990},
}

@BOOK{Hen93,
 author={Peter Henderson},
 title={Object-oriented specification and design with {C}$++$},
 publisher={McGraw-Hill},
 address={London},
 year={1993},
}

% ------------------------------------------------------------------------

@ARTICLE{Rea85,
 author={C. J. Read},
 title={A solution to the invariant subspace problem on the space $l_1$},
 journal={Bull. London Math. Soc.},
 volume={17},
 year={1985},
 pages={305-317},
}

@ARTICLE{Enf87,
 author={P. Enflo},
 title={On the invariant subspaces problem for {Banach} spaces},
 journal={Acta. Math.},
 note={Seminare Maurey-Schwartz (1975-1976)},
 volume={158},
 year={1987},
 pages={213-313},
}

@ARTICLE{Dau75,
 author={J. Daughtry},
 title={An invariant subspace theorem},
 journal={Proc. Amer. Math. Soc.},
 volume={49},
 year={1975},
 pages={267-268},
}

@ARTICLE{KPS75,
 author={H. W. Kim and C. Pearcy and A. L. Shields},
 title={Rank-One Commutators and Hyperinvariant Subspaces},
 journal={Michigan Math. J.},
 volume={22},
 number={3},
 year={1975},
 pages={193-194},
}

% --------------------------------------------------------------------------

@ARTICLE{Rad87,
 author={H. Radjavi},
 title={The {Engel}-{Jacobson} {Theorem} {Revisited}},
 journal={J. Alg.},
 volume={111},
 year={1987},
 pages={427-430},
}

@ARTICLE{MOR91,
 author={B. Mathes and M. Omladi\v{c} and H. Radjavi},
 title={Linear {Spaces} of {Nilpotent} {Operators}},
 journal={Linear Algebra Appl.},
 volume={149},
 year={1991},
 pages={215-225},
}

@ARTICLE{Lom73,
 author={V. I. Lomonosov},
 title={Invariant subspaces for operators commuting with compact
        operators},
 journal={Functional Anal. Appl.},
 volume=7,
 year=1973,
 pages="213-214",
}

@ARTICLE{Lom91,
 author={V. I. Lomonosov},
 title={An extension of {Burnside}'s theorem to infinite
        dimensional spaces},
 journal={Israel J. Math},
 volume=75,
 year=1991,
 pages="329-339",
}

@ARTICLE{Lom92,
 author={V. I. Lomonosov},
 title={On {Real} {Invariant} {Subspaces} of {Bounded} {Operators} with
       {Compact} {Imaginary} {Part}},
 journal={Proc. Amer. Math. Soc.},
 volume=115,
 number=3,
 month=jul,
 year=1992,
 pages="775-777",
}

@ARTICLE{dB59,
 author={L. de Branges},
 title={The {Stone}-{Weierstrass} {Theorem}},
 journal={Proc. Amer. Math. Soc.},
 volume=10,
 year=1959,
 pages="822-824",
}

@ARTICLE{dB93,
 author={L. de Branges},
 title={A construction of invariant subspaces},
 journal={Math. Nachr.},
 volume=163,
 year=1993,
 pages="163-175",
}

@ARTICLE{AAB95,
 author={Y. A. Abramovich and C. D. Aliprantis and O. Burkinshaw},
 title={Another Characterization of the Invariant Subspace Problem},
 journal={Operator Theory in Function Spaces and Banach Lattices.
          {\em The A.C.\,Zaanen Anniversary Volume},
          Operator Theory: Advances and Applications},
 volume={75},
 year={1995},
 pages={15-31},
 note={Birkh\"auser Verlag},
}

@ARTICLE{LM65,
 author={Ju. I. Ljubi\v{c} and V. I. Macaev},
 title={On Operators with a Separable Spectrum},
 journal={Amer. Math. Soc. Transl. (2)},
 volume={47},
 year={1965},
 pages={89-129},
}

% ------------------------------------------------------------------------

@MASTERSTHESIS{Sim90,
 author={A. Simoni\v{c}},
 title={Grupe Operatorjev s Pozitivnim Spektrom},
 school={Univerza v Ljubljani, FNT, Oddelek za Matematiko},
 year={1990},
}

@UNPUBLISHED{Sim91,
 author={A. Simoni\v{c}},
 title={Notes on {Subharmonic} {Functions}},
 note={Lecture Notes, Dalhousie University,
       Department of Mathematics, Statistics, \& Computing Science},
 year={1991},
}

@ARTICLE{Sim92,
 author={A. Simoni\v{c}},
 title={Matrix {Groups} with {Positive} {Spectra}},
 journal={Linear Algebra Appl.},
 volume={173},
 year={1992},
 pages={57-76},
}

@PHDTHESIS{Sim94,
 author={A. Simoni\v{c}},
 title={An {Extension} of {Lomonosov's} {Techniques} to {Non}-{Compact}
       {Operators}},
 school={Dalhousie University,
         Department of Mathematics, Statistics, \& Computing Science},
 year={1994},
}

@ARTICLE{Sim96a,
 author={A. Simoni\v{c}},
 title={A {Construction} of {Lomonosov} {Functions} and
       {Applications} to the {Invariant} {Subspace} {Problem}},
 journal={Pacific J. Math.},
 volume={175},
 pages={257-270},
 year={1996},
}

@ARTICLE{Sim96b,
 author={A. Simoni\v{c}},
 title={An extension of {Lomonosov's} {Techniques} to non-compact
       {Operators}},
 journal={Trans. Amer. Math. Soc.},
 volume={348},
 pages={975-995},
 year={1996},
}

% ------------------------------------------------------------------------
